3458 5182
844 394 884 456 43

317 579 502 653 artiumque
521 593 652 652 compos
677 577 876 650 habebatur,
897 578 1004 652 poesis
1025 577 1205 652 sapientiae
1226 576 1405 652 templum,

232 659 235 669 ⁴
317 685 404 742 vitae
430 682 601 758 speculum
623 688 691 741 crat
712 682 749 759 ¹).
791 682 990 743 Continebat
1011 700 1116 743 sacras
1138 682 1178 741 de
1200 683 1271 742 deis
1299 682 1406 742 heroi-

317 790 443 865 busque
458 789 665 861 traditiones,
676 789 864 848 abundabat
880 791 1042 848 virtutum
1057 791 1280 866 vitiorumque
1296 806 1405 848 exem-

317 895 399 970 plis,
434 892 590 953 offerebat
624 895 813 954 mortalium
850 897 935 954 vitae
968 895 1239 954 vicissitudinum
1272 896 1404 969 species.

316 1001 436 1060 Avidis
468 1001 603 1060 auribus
632 1001 810 1077 rhapsodcs
835 1001 1013 1060 audiebant
1038 1001 1076 1077 ²),
1103 1004 1160 1077 qui
1183 1002 1326 1059 carmina
1348 998 1407 1057 illa

316 1109 451 1166 recitare
481 1111 513 1165 et
541 1107 705 1182 explicare
730 1108 896 1180 solebant,
919 1108 1139 1167 delectabatur
1160 1111 1192 1166 et
1214 1106 1407 1165 movebatur

317 1214 385 1274 illis
416 1213 574 1289 populus,
610 1215 668 1290 qui
703 1213 745 1272 ad
780 1213 1025 1289 philosophiam
1060 1232 1190 1291 quoque
1226 1229 1405 1288 propensus

317 1321 428 1379 omnia
453 1319 670 1377 humanitatis
692 1319 789 1377 initia
811 1336 852 1377 ex
874 1319 999 1393 mythis
1021 1318 1208 1395 fabulisque
1230 1318 1405 1393 repetebat.

358 1424 445 1495 Quid
466 1425 626 1482 miremur
644 1425 746 1497 igitur
766 1423 994 1498 philosophos,
1019 1427 1056 1482 ut
1071 1425 1209 1497 tragicos
1229 1422 1406 1504 tragoedia-

316 1549 401 1604 rum,
424 1529 620 1605 placitorum
642 1545 776 1588 suorum
799 1530 957 1603 origines,
980 1531 1007 1588 si
1029 1532 1175 1604 possent,
1198 1546 1239 1587 ex
1262 1528 1407 1587 Homero

316 1654 410 1711 saepe
432 1636 581 1708 duxisse,
611 1652 710 1711 quem
732 1638 885 1710 putarent
906 1636 1052 1711 primum
1077 1635 1182 1693 multa
1206 1636 1406 1710 sapientium

317 1743 544 1829 ἀποφθέγματα
565 1742 815 1816 pronuntiasse?
830 1739 858 1818 ³)

358 1846 496 1906 Morales
528 1864 551 1907 s.
584 1847 685 1905 ethici
724 1849 782 1924 qui
818 1847 989 1920 dicuutur,
1018 1847 1206 1923 philosophi
1234 1849 1407 1923 praecipue

316 1953 404 2028 apud
431 1951 615 2012 Homerum
642 1955 769 2012 semina
794 1954 1005 2026 gravissimae
1027 1970 1104 2013 suae
1126 1953 1293 2012 doctrinae
1315 1955 1407 2012 inve-

316 2061 461 2118 niebant.
485 2058 581 2132 Quid,
604 2059 693 2135 quod
708 2060 808 2117 vitam
827 2063 859 2117 et
874 2059 1021 2117 indolem
1037 2059 1172 2117 deorum
1188 2058 1406 2135 heroumque,

316 2183 423 2225 mores
444 2170 476 2224 et
498 2182 589 2224 casus
611 2165 801 2224 mortalium
824 2166 904 2224 adeo
927 2166 1090 2240 praeclare
1112 2165 1299 2240 descripsit,
1319 2168 1407 2224 utin

317 2272 442 2330 divinis
463 2274 583 2347 pariter
604 2288 640 2329 ac
663 2273 698 2328 in
721 2271 875 2330 humanis
898 2269 1081 2329 Homerum
1105 2271 1222 2329 ducem
1244 2275 1275 2329 et
1290 2274 1407 2346 magis·

316 2383 404 2436 trum
422 2378 622 2436 habuerint?
635 2377 661 2445 4)
691 2376 959 2452 Disceptantibus
980 2376 1021 2435 de
1042 2378 1146 2434 animi
1162 2375 1350 2450 affectibus,
1366 2377 1406 2436 de

316 2483 523 2556 fortitudine,
540 2484 581 2542 de
596 2484 785 2559 prudentia,
798 2483 839 2541 de
851 2484 1076 2558 temperantia,
1089 2482 1129 2540 de
1141 2483 1268 2557 justitia
1284 2481 1407 2542 Home-

316 2607 371 2648 rus
383 2595 457 2649 ante
465 2607 578 2648 omnes
590 2592 701 2648 auctor
712 2593 772 2657 est3
785 2589 873 2664 quod
885 2588 1021 2664 quidem
1033 2606 1109 2647 cum
1120 2588 1229 2661 multi,
1237 2589 1407 2648 tumlucu-

315 2699 498 2756 lentissime
523 2696 818 2771 comprobaverunt
839 2699 871 2753 et
892 2694 1055 2769 sophistae
1075 2694 1407 2754 commentationibus

316 2806 348 2859 et
381 2802 598 2873 orationibus,
632 2806 663 2859 et
692 2800 771 2858 dein
803 2798 973 2870 Socratici,
996 2799 1142 2858 hominis
1164 2799 1407 2860 considerantes

316 2909 569 2984 perfectionem,
602 2908 749 2985 quidque
779 2909 904 2966 bonum
926 2925 1108 2984 verumque
1130 2915 1213 2967 esset
1234 2905 1407 2981 colloquiis

318 3020 350 3073 ct
383 3015 661 3090 disputationibus
698 3015 938 3084 discernentes;
975 3017 1106 3091 utrique
1144 3020 1253 3073 autem
1293 3015 1406 3088 poesin

318 3121 412 3180 illam
433 3122 502 3196 pari
525 3123 733 3180 veneratione
755 3123 917 3196 prosecuti
941 3124 1027 3181 sunt.
1058 3120 1121 3180 Sed
1142 3139 1183 3180 nc
1203 3121 1321 3194 longus
1343 3121 1406 3179 sim

350 3446 373 3511 1)
399 3449 434 3498 cf.
453 3448 615 3510 Bernhardy,
633 3447 725 3496 Gesch.
743 3446 788 3496 Gr.
810 3446 877 3495 Litt.
896 3447 932 3495 ll.
950 3447 972 3496 l.
990 3461 1015 3510 p.
1033 3447 1064 3493 62
1082 3451 1108 3495 et
1126 3461 1151 3510 p.
1174 3447 1204 3494 64
1223 3461 1260 3509 sq.
1286 3448 1407 3498 Philostr.

317 3539 370 3587 vit.
390 3538 467 3600 Soph.
486 3537 522 3585 II.
534 3539 574 3587 27.
584 3539 598 3584 6
620 3537 763 3585 Homerum
772 3535 846 3585 dicit.
856 3537 945 3600 φωνὴν
955 3540 1082 3601 σοφιστῶν
1091 3563 1123 3572 -
1133 3536 1200 3584 Plat.
1211 3537 1273 3600 Rep.
1284 3552 1308 3601 p.
1318 3539 1365 3586 606
1376 3539 1407 3588 Ε.

317 3628 367 3676 Βίο
385 3627 476 3689 Chrys.
494 3642 530 3675 or.
548 3626 653 3686 XVIII,
671 3642 696 3689 p.
705 3628 764 3676 478:
777 3624 891 3690 ’Όμηρος
908 3624 933 3674 δὲ
943 3625 985 3673 καὶ
997 3631 1098 3691 πρῶτος
1107 3629 1149 3676 cal
1158 3625 1234 3692 μέσος
1243 3629 1285 3677 καὶ
1297 3627 1407 3691 ὕστατος

316 3719 397 3768 παντὶ
415 3717 486 3767 παιδὶ
504 3719 544 3766 καὶ
563 3716 636 3781 ἀνδρὶ
654 3718 695 3765 καὶ
714 3716 823 3782 γέροντι.
1297 3744 1299 3748 ·

347 3806 371 3870 2)
390 3809 423 3858 cf.
443 3809 578 3856 Platonem
597 3808 624 3855 in
643 3807 714 3856 lonis
731 3807 816 3867 initio,
834 3822 860 3870 p.
878 3809 925 3856 636
944 3807 975 3856 Ε.
993 3821 1030 3867 sq.
1047 3834 1080 3841 --
1097 3805 1131 3855 id.
1150 3806 1213 3870 ch.
1231 3807 1265 3857 X.
1285 3810 1340 3857 605.

348 3897 372 3961 ³)
390 3899 424 3948 cl.
450 3898 603 3960 Bcrnhardy
628 3898 667 3946 ll:
694 3897 799 3946 Homer.
829 3897 970 3960 Philosoph
988 3896 1042 3944 und
1063 3897 1277 3958 systcmatischer
1296 3899 1407 3957 Denkcr,

315 4016 348 4024 -
366 3988 463 4036 Homer
481 3987 614 4035 Lehrstoff
631 3986 675 4034 fiir
692 3987 734 4034 die
745 3986 838 4034 Schule
847 4002 872 4035 6.
882 3986 907 4034 d.
917 3986 934 4034 J
936 3987 1022 4048 ugend
1031 3987 1087 4034 und
1098 3987 1319 4049 philosophisches
1330 3988 1407 4036 Prak-

316 4078 401 4126 tikum
419 4077 463 4124 fiir
480 4077 531 4125 deu
551 4076 663 4124 Denkcr.

348 4167 371 4228 ⁴)
390 4167 473 4215 chler
491 4167 511 4214 l.
530 4180 554 4228 p.
573 4167 611 4225 90,
630 4167 661 4213 dc
680 4166 788 4214 Homeri
806 4166 977 4215 carminibus:
994 4193 1027 4201 -
1043 4166 1085 4214 dic
1097 4166 1164 4215 hohe
1176 4167 1293 4214 sittliche
1308 4167 1407 4216 Beden-

316 4262 385 4317 tung
410 4256 506 4303 heruht
531 4255 593 4302 aber
616 4254 722 4303 freilich
749 4255 811 4303 weit
837 4255 952 4317 weniger
978 4255 1025 4303 auf
1047 4255 1099 4302 den
1118 4254 1336 4317 Sittenspruchen
1353 4257 1408 4304 und

316 4344 488 4392 moralischen
506 4344 720 4407 Bctrachtungcn
739 4345 777 4393 als
795 4344 840 4392 auf
851 4345 903 4392 den
917 4344 1096 4394 Charaktereu
1111 4345 1165 4392 und
1179 4345 1353 4407 Schiplrsalen,
1364 4346 1408 4395 die

315 4434 352 4484 sie
369 4434 511 4484 achildem.
