3458 5182
848 389 886 451 16

325 574 357 627 et
377 551 557 628 admiratus
579 575 609 628 et
636 572 783 629 imitatus
805 573 876 629 est?
917 572 972 630 Ad
994 591 1065 631 eam
1087 575 1311 651 quaestionem
1333 574 1412 633 diri·

324 674 479 733 mendam
510 676 620 734 brevis
646 674 827 749 Gorgianae
848 680 927 736 artis
948 684 1141 755 conspectus
1163 681 1412 755 praeponendus

324 799 392 840 esse
414 782 555 840 videtur.

365 885 449 945 Mira
471 893 503 945 et
525 906 609 947 nova
630 906 681 948 ars
703 888 921 965 sophistarum
944 890 1136 967 aequalibus
1158 894 1226 951 visa
1248 897 1305 952 est.
1340 891 1413 952 Sin-

322 993 428 1066 gulari
462 999 492 1052 et
523 997 612 1054 varia
640 997 798 1071 sapientia
820 997 974 1072 praediti,
997 1000 1140 1057 vanitate
1163 999 1254 1070 elati,
1277 1001 1412 1058 avaritia

323 1098 413 1172 pleni
449 1103 639 1174 praesertim
674 1101 789 1159 docere
822 1106 854 1159 et
885 1103 1058 1161 instituere
1090 1103 1260 1171 volebant;
1294 1105 1413 1179 placita

323 1207 406 1264 mira
435 1211 467 1264 et
499 1225 596 1280 nova,
629 1207 806 1282 paradoxa,
835 1208 973 1267 induere
995 1209 1143 1268 solebant
1164 1209 1270 1269 forma
1292 1211 1412 1284 pariter

300 1298 303 1303 ’
322 1311 495 1371 artificiosa
517 1316 548 1370 et
570 1313 742 1390 exquisita.
773 1312 974 1389 Quapropter
996 1332 1064 1373 non
1076 1316 1235 1374 miramur
1246 1333 1336 1386 eum,
1353 1317 1410 1392 qui

322 1417 497 1476 contendat
529 1418 616 1476 nihil
649 1435 732 1491 esse,
765 1437 825 1478 neo
858 1422 1006 1493 cognosci
1034 1438 1093 1479 nec
1116 1423 1282 1480 enuntiari
1304 1438 1411 1497 posse,

322 1529 489 1599 praecepta
521 1542 579 1583 sua
610 1529 745 1583 externa
772 1527 880 1600 specie
901 1542 1046 1599 ornasse,
1079 1543 1161 1602 quae
1183 1526 1219 1584 id
1239 1529 1411 1602 praecipue

323 1630 478 1705 efficeret,
513 1638 548 1691 ut
579 1632 768 1693 auditorum
800 1635 904 1691 animi
938 1637 969 1691 et
996 1650 1090 1692 aures
1111 1633 1358 1692 adverterentur
1380 1637 1412 1691 et

321 1742 520 1797 tenerentur.
560 1737 654 1808 Quod
675 1737 853 1797 artificium
875 1736 1008 1813 Gorgias
1026 1742 1101 1796 ante
1122 1755 1234 1798 omnes
1246 1743 1411 1798 assecutus

321 1849 386 1903 est:
420 1862 530 1920 reapse
563 1844 642 1903 haec
675 1862 725 1903 ars
751 1846 786 1903 ,ei
809 1846 939 1919 propria
961 1861 1030 1903 csse
1051 1844 1199 1917 videtur,
1221 1845 1278 1920 qui
1301 1842 1412 1901 rhetor

320 1953 529 2025 potissimum
551 1950 709 2026 appellari
730 1951 811 2009 vult.
843 1949 883 2008 Ei
905 1954 1030 2025 praeter
1051 1955 1283 2024 argumentum
1305 1949 1411 2008 forma

320 2057 476 2114 orationis
507 2072 558 2113 res
587 2061 635 2113 est
656 2057 806 2114 omniurn
828 2056 1035 2129 gravissima,
1066 2073 1129 2132 qua
1150 2057 1195 2114 ita
1216 2056 1410 2115 excelluisse

320 2161 452 2219 videtur
473 2159 624 2235 Gorgias,
657 2166 692 2221 ut
715 2162 956 2220 illustrissimos
978 2179 1108 2238 quoque
1131 2164 1302 2237 scriptores
1324 2164 1410 2220 exci-

321 2269 437 2326 taverit
457 2267 498 2326 ad
520 2269 680 2326 rationem
703 2268 835 2326 dicendi
858 2267 1067 2326 artificiosam
1090 2268 1294 2326 imitandam.
1328 2268 1409 2326 Inde

321 2375 547 2450 Thucydides,
570 2374 647 2432 inde
671 2373 827 2432 Isocrates
849 2375 885 2431 in
907 2373 1002 2431 libris
1023 2375 1092 2431 suis
1114 2390 1208 2448 saepe
1230 2371 1410 2447 Gorgianae

319 2486 398 2543 artis
420 2483 557 2555 vestigia
579 2481 793 2557 reliquerunt.
815 2481 841 2558 ¹)

359 2590 457 2675 τεχνὴ
488 2586 638 2673 ῥητορικὴ
670 2604 752 2663 quae
774 2585 957 2645 secundum
980 2583 1225 2654 Quintilianum
1247 2585 1352 2643 tribus
1375 2587 1409 2643 in

319 2697 424 2755 causis
456 2694 646 2768 praesertim
679 2691 867 2750 adhibenda
892 2694 940 2749 est
966 2691 1036 2749 scil.
1067 2691 1102 2748 in
1129 2689 1409 2764 demonstrativis,

319 2801 559 2871 deliberativiS,
591 2794 821 2874 judicialibus,
844 2799 943 2855 etiam
965 2815 1040 2870 ergo
1062 2797 1270 2872 amplectitur
1291 2814 1409 2870 genus,

318 2909 405 2984 quod
421 2906 540 2966 Graece
554 2900 752 2970 {athamania
765 2903 792 2980 2)
808 2904 1011 2974 nominatur,
1027 2902 1115 2979 quod
1131 2905 1223 2979 quasi
1233 2902 1260 2980 8)
1272 2902 1409 2960 delecta-

317 3014 418 3070 tionis
449 3029 545 3071 causa
576 3018 607 3069 et
639 3011 680 3069 ad
713 3009 915 3085 voluptatem
946 3011 1076 3067 aurium
1102 3012 1324 3084 comparatum
1347 3014 1409 3080 est,

318 3119 411 3192 copia
432 3117 607 3175 verborum
629 3117 793 3192 exquisita
808 3115 1044 3173 sententiarum
1060 3119 1222 3173 structura
1236 3115 1410 3174 artificiosa

317 3223 501 3282 auditorem
534 3228 674 3298 captans.
719 3221 795 3279 Fuit
817 3221 1006 3295 praesertim
1028 3217 1171 3292 Gorgias,
1194 3221 1251 3296 qui
1267 3220 1327 3279 hac
1342 3225 1408 3278 arte

317 3329 508 3397 elaboravit3
539 3328 604 3385 huc
636 3329 802 3402 pertinent
836 3326 906 3384 eius
929 3320 1103 3398 ἐπιδείξεις,
1126 3327 1272 3409 παίγνια,
1299 3322 1409 3398 ἄδοξοι
1455 3383 1459 3392 ,

317 3436 499 3509 ὑποθέσεις,
523 3451 605 3510 quae
637 3433 748 3491 omnia
770 3433 899 3507 proprie
921 3430 1007 3488 nihil
1030 3431 1095 3489 nisi
1118 3435 1303 3489 commenta
1324 3431 1409 3490 facta

316 3549 348 3598 ct
370 3539 444 3598 ficta
466 3557 484 3597 a
505 3536 791 3614 sophista-rhetore
809 3537 971 3593 eximium
986 3537 1022 3593 in
1038 3534 1173 3592 modurn
1190 3533 1409 3610 propagabant

316 3651 347 3704 et
365 3645 639 3704 commendabant
654 3645 814 3701 novitates
830 3642 989 3699 sermonis
1004 3644 1221 3717 ornatumque
1234 3642 1407 3700 verborum

316 3752 543 3810 immodicum.
585 3747 665 3806 Arte
697 3748 754 3806 tali
781 3745 922 3806 confisus
943 3746 1096 3804 audacter
1116 3745 1261 3821 sophista
1282 3749 1408 3820 opinio-

348 4043 371 4107 l)
405 4046 440 4094 ct.
458 4045 489 4094 E.
507 4045 623 4093 Norden:
642 4044 740 4092 Antike
759 4044 925 4106 Kunstprosa
944 4043 965 4103 I,
982 4059 1008 4106 p.
1025 4046 1065 4092 95.
1092 4044 1175 4091 Blass.
1189 4043 1209 4103 I,
1222 4059 1247 4106 p.
1260 4044 1315 4104 214,
1329 4058 1354 4105 p.
1367 4044 1406 4090 115.

317 4134 433 4183 Marcell.
451 4136 500 4182 vit.
519 4135 599 4182 Thuc.
617 4150 642 4196 p.
660 4137 699 4183 56.
721 4135 756 4182 ct.
774 4134 844 4181 inira
862 4148 887 4195 p.
905 4135 944 4181 28.

347 4223 370 4285 2)
406 4224 459 4272 Cic.
478 4225 601 4273 Gratti?
620 4239 657 4284 sq.

346 4313 370 4376 ³)
405 4311 612 4373 (·1,-“Ελένης
637 4314 684 4377 μὲν
709 4311 840 4378 ἐγκώμιον,
867 4311 927 4375 ἐμὸν
953 4309 976 4358 δὲ
1005 4311 1141 4375 παίγνιον,
1168 4314 1300 4373 postrema
1327 4313 1405 4360 verba

315 4406 432 4454 Helenae
449 4404 569 4466 Gorgiae.
