3458 5182
840 393 880 458 33

316 575 449 634 virtutis
477 576 547 651 ipse
579 592 709 653 quoque
742 579 779 634 ut
810 575 851 634 ad
883 577 985 633 vitam
1015 575 1150 649 probam
1172 574 1405 634 excitaret'ho·

317 682 440 754 mines,
466 681 582 740 eodem
604 681 758 740 Herculis
780 680 931 755 exemplo
953 697 1031 739 usus
1053 684 1109 739 est.
1140 679 1181 739 Et
1202 681 1251 738 uti
1274 679 1404 738 Prodici

318 785 478 848 Hercules
499 790 587 846 inter
607 787 700 846 illius
721 789 841 862 scripta
856 803 1024 845 summum
1040 786 1150 845 locum
1164 786 1295 858 habuit,
1310 803 1406 861 prop·

315 896 365 951 ter
389 893 708 952 commendationem
733 903 789 968 τῆς
811 892 938 980 ἀρετῆς,
961 894 1007 951 sic
1029 890 1244 952 Antisthenes
1264 892 1297 951 in
1316 892 1405 985 ἰΗοι-

318 1000 392 1059 cule
403 1016 480 1072 suo,
502 1004 540 1058 ut
554 1017 571 1058 e
586 999 815 1075 fragmentis¹)
832 999 952 1073 conjici
968 998 1053 1070 licet,
1069 1000 1225 1073 primaria
1240 999 1405 1058 doctrinae

317 1103 459 1180 Cynicae
480 1107 644 1181 principia
665 1106 856 1181 complexus
878 1121 947 1165 esse
968 1104 1101 1163 videtur
1115 1104 1153 1182 Ξ).

358 1209 448 1270 Sicut
469 1228 547 1270 cum
568 1209 687 1285 Gorgia
701 1210 876 1289 Protagora
891 1203 1064 1283 Prodicus,
1079 1209 1122 1268 ita
1139 1209 1279 1285 Cynicus
1294 1216 1406 1270 contra

316 1314 503 1392 aequalium
517 1313 689 1390 religiones
705 1314 924 1375 dubitationes
935 1314 1048 1384 affert;
1064 1319 1224 1392 quatenus
1236 1315 1405 1375 hominem

317 1423 498 1497 sapientem
525 1420 736 1496 popularibus
764 1421 804 1480 de
832 1419 901 1480 deis
930 1418 1136 1496 opinionibus
1164 1421 1355 1480 obstrictum
1377 1421 1405 1499 3)

317 1544 386 1588 esse
416 1531 576 1602 oporteat,
610 1527 650 1585 ab
684 1530 823 1603 utroque
854 1509 1039 1600 ambigitur.
1083 1525 1253 1585 Summam
1275 1545 1406 1604 quoque

317 1631 563 1692 consensionem
596 1630 802 1707 agnoscimus
828 1629 863 1690 in
895 1629 978 1691 tristi
1004 1631 1092 1706 apud
1122 1636 1299 1710 utrumque
1321 1632 1406 1692 vitae

316 1737 600 1814 contemplatione.
616 1736 771 1808 Queritur
784 1736 874 1796 enim
890 1735 1046 1796 Prodicus
1061 1737 1101 1795 de
1117 1736 1202 1797 vitae
1218 1737 1353 1799 miseriis
1363 1738 1405 1816 4);

316 1849 409 1920 putat
438 1844 523 1904 vitae
550 1849 678 1904 nostrae
706 1842 922 1903 miserrimam
950 1860 1019 1903 esse
1041 1841 1262 1903 conditionem
1284 1849 1316 1903 et
1337 1862 1405 1902 om·

316 1968 394 2010 nem
413 1950 512 2026 ‘spem
540 1954 685 2010 nostram
705 1949 740 2009 in
762 1950 855 2009 beata
876 1947 1065 2008 aeternitate
1085 1965 1153 2008 esse
1173 1949 1307 2024 positam
1323 1949 1350 2026 ⁵)
1365 1984 1407 1993 —

316 2054 437 2131 pariter
470 2055 683 2115 Antisthenes
715 2072 775 2114 nos
802 2054 934 2128 lugubri
962 2071 1031 2113 esse
1060 2058 1145 2113 statu
1173 2055 1357 2128 existumat,
1377 2053 1405 2132 ⁶)

317 2161 441 2233 omnia,
477 2178 559 2238 quae
597 2161 665 2221 vita
699 2160 816 2220 afferre
852 2164 965 2236 potest,
1001 2158 1146 2235 despicit,
1184 2160 1406 2221 beatissimum

317 2272 465 2327 autumat
497 2266 624 2327 homini
656 2267 740 2328 mori
771 2268 854 2327 dum
886 2269 922 2325 in
944 2269 1014 2342 ipsa
1035 2266 1186 2327 felicitate
1208 2271 1363 2327 versetur.
1378 2267 1405 2346 ⁷)
1508 2296 1509 2301 .

350 2431 373 2496 ¹)
409 2434 485 2497 Diog.
497 2433 586 2485 Laert.
600 2437 640 2496 Il,
653 2438 695 2485 61:
714 2436 787 2502 ἰσχὺς
799 2437 1005 2486 commendatur.
1023 2436 1063 2484 Id.
1075 2435 1121 2495 VI,
1134 2437 1159 2484 2:
1177 2435 1190 2483 ὁ
1204 2435 1285 2493 πόνος
1297 2435 1406 2501 ἀγαθόν.

319 2523 357 2574 Id.
367 2523 413 2584 VI,
431 2523 521 2585 105τή
539 2524 616 2590 ἁρετὴ
633 2525 734 2584 διδακτή
752 2552 784 2563 -
802 2527 873 2575 Plut.
891 2526 923 2574 de
940 2526 986 2574 vit.
1005 2525 1067 2589 pud.
1086 2527 1127 2573 12:
1146 2524 1235 2589 μηδενὶ
1252 2524 1329 2590 χάριν
1340 2527 1408 2590 ἔχειν

318 2611 476 2662 ἐπαινοῦντι.
504 2612 542 2664 ld.
569 2615 627 2663 104:
652 2613 726 2672 τέλος
752 2615 816 2662 εἶναι
842 2614 871 2662 τὸ
897 2612 1048 2676 κατ’ἀρετὴν
1075 2613 1132 2673 ζῆν.
1158 2618 1209 2662 cet.
1235 2614 1269 2664 ci.
1287 2615 1407 2664 Welcker

318 2715 407 2765 opusc.
425 2702 460 2764 II,
477 2717 503 2766 p.
520 2703 576 2762 483,
594 2704 650 2752 510.
685 2703 818 2767 Ohappuis
835 2703 875 2762 11.,
892 2716 917 2766 p.
936 2704 967 2750 30
985 2717 1022 2765 sq.

350 2789 374 2853 ¹)
408 2791 579 2841 Memoranda
596 2792 639 2842 hic
656 2796 733 2853 sunt,
749 2807 816 2854 quae
834 2792 915 2840 habet
932 2792 1027 2840 Weber
1043 2792 1071 2839 in
1088 2791 1278 2841 dissertatione
1290 2791 1323 2840 de
1331 2790 1407 2838 Anti-

318 2881 420 2930 sthenis
449 2881 563 2932 Hercule
592 2897 617 2945 p.
643 2885 699 2944 251,
726 2882 774 2930 ubi
801 2882 867 2931 dicit
895 2882 930 2930 ad
958 2881 1132 2942 „Herculem”
1165 2882 1246 2929 etiam
1276 2880 1408 2944 pertinere

321 2971 444 3033 Diogenis
460 2972 601 3035 epistulam
619 2972 734 3019 ΧΧΧΜΠ
753 2972 807 3033 (ed.
825 2971 1139 3033 Herchcr1873),quam
1157 2971 1287 3032 Diogenes
1302 2971 1408 3034 scripsit

319 3061 396 3125 patri.
416 3061 567 3111 Renuntiat
584 3077 612 3112 se
624 3063 794 3112 Antisthenis
806 3062 864 3124 (τοῦ
882 3061 1032 3126 Σωκράτους
1050 3061 1164 3126 ἑταίρου)
1177 3061 1291 3110 scholam
1302 3061 1407 3121 adiisse;

318 3150 389 3201 hunc
409 3155 469 3200 tum
491 3153 524 3202 de
547 3153 609 3213 viis,
627 3153 723 3215 quibus
740 3154 774 3202 ad
791 3153 919 3202 virtutem
937 3152 1119 3216 perveniretur
1135 3152 1326 3214 disputasseet
1342 3153 1407 3201 duas

317 3256 372 3292 esse
396 3244 555 3308 exposuisse,
572 3259 666 3306 easque
684 3258 846 3307 comparasse
868 3258 927 3293 cum
945 3244 1046 3291 duabus
1064 3243 1122 3303 viis,
1139 3258 1206 3305 quae
1224 3243 1258 3290 ad
1274 3243 1408 3305 acropolin

318 3333 454 3393 ducerent,
470 3349 581 3396 quarum
597 3335 685 3382 altera
701 3333 816 3383 difficilis
829 3333 970 3392 adscensu,
988 3334 1073 3381 altera
1083 3333 1171 3382 facilis
1183 3336 1246 3382 erat.
1274 3333 1408 3396 Epistulo·

318 3422 434 3486 graphas
451 3438 500 3472 sec.
520 3423 623 3472 Weber.
645 3427 693 3472 aut
711 3423 766 3486 ipse
785 3423 887 3472 Prodici
904 3423 1054 3485 allegoriam
1073 3423 1193 3471 imitatus
1209 3427 1250 3471 est
1267 3426 1316 3470 aut
1332 3423 1408 3470 Anti·
1486 3444 1489 3449 >

318 3510 419 3559 sthenis
435 3511 519 3575 ipsius
535 3512 713 3560 imitationem
730 3511 765 3560 ad
783 3511 887 3561 Prodici
903 3512 1052 3575 exemplum
1073 3512 1173 3560 iactam
1189 3510 1275 3559 denuo
1291 3513 1409 3561 rettulit.

351 3597 375 3661 ³)
410 3600 548 3649 Observari
574 3601 618 3649 hic
643 3601 722 3650 liceat
748 3601 935 3650 Antisthenem
962 3614 1129 3663 nequaquam
1156 3600 1238 3649 fuisse
1266 3600 1346 3649 ἄθεον
1374 3601 1409 3651 ci.

321 3688 395 3750 Diog.
412 3688 500 3739 Laert.
517 3688 563 3749 Vl,
581 3691 606 3738 5:
625 3691 686 3748 τοὺς
712 3688 889 3754 βουλομένους
912 3689 1060 3748 ἀθανάτους
1083 3691 1147 3739 εἶναι
1163 3690 1209 3754 ἔφη
1228 3688 1281 3739 δεῖν
1298 3689 1409 3753 εὐσεβῶς

319 3778 360 3826 καὶ
379 3767 551 3838 discingitis.
569 3781 666 3839 Acute,
684 3782 715 3826 ut
732 3779 832 3842 opinor,
851 3779 941 3827 Hirzel
960 3779 1042 3829 Rhen.
1061 3779 1128 3827 Mus.
1147 3780 1218 3838 1892,
1235 3794 1260 3842 p.
1272 3781 1320 3826 365
1332 3783 1372 3828 nt.
1385 3781 1410 3827 1:

282 3914 285 3920 .
320 3867 493 3931 Ueberhaupt
518 3867 592 3930 irsgt
616 3881 645 3915 es
671 3867 727 3916 sich
747 3868 781 3916 ob
798 3868 971 3916 Antisthenes
987 3884 1019 3916 zu
1037 3869 1121 3916 dieser
1138 3870 1186 3930 (sc.
1206 3867 1409 3930 Volksreligion)

320 3956 395 4006 nicht
413 3957 456 4006 ein
473 3956 608 4006 'ahnliches
625 3956 791 4006 Verh‘a'ltniss
807 3957 883 4006 hatte
899 3958 949 4006 wie
967 3958 1094 4007 Socrates.

353 4045 377 4109 ⁴)
411 4047 531 4110 ps.-Plat.
548 4047 657 4096 Axioch.
675 4061 697 4097 c.
715 4047 761 4098 IV.

353 4133 377 4198 ⁸)
412 4137 450 4185 De
467 4136 517 4184 hac
535 4136 637 4185 Prodici
654 4137 755 4186 indicio
771 4137 806 4186 cf.
824 4136 889 4185 Geel
906 4137 948 4200 11.,
966 4152 991 4201 p.
1011 4140 1065 4187 136.

353 4222 379 4286 ⁶)
413 4225 526 4288 Cynicos
542 4225 592 4274 hac
609 4226 746 4274 hominum
763 4226 820 4274 vita
837 4241 891 4275 non
909 4227 1022 4288 gaudere
1038 4241 1115 4276 nemo
1133 4227 1283 4277 mirabitur.

352 4310 377 4376 ⁷)
412 4315 487 4376 Diog.
512 4315 600 4364 Laert.
627 4315 657 4375 V,
675 4319 701 4365 5:
728 4315 861 4381 ἐρωτηθεὶς
883 4317 907 4367 τί
928 4317 1118 4383 μακαριώτερον
1132 4318 1167 4368 -ἐν
1187 4318 1336 4383 ἀνθρώποις
1353 4317 1409 4383 ἔφης

321 4402 479 4467 εὐτυχοῦντα
497 4406 651 4455 ἀποθανεῖν.

1306 4495 1327 4558 3
