3458 5182
836 355 895 417 114

361 540 414 598 Ai.
437 537 468 597 9:
490 539 528 613 ὃς
552 541 681 625 πρῶτος
703 537 749 602 ἀεὶ
771 544 818 602 καὶ
840 541 941 622 μόνος·
962 542 1090 624 τείχους
1112 536 1199 623 ἄτερ·
1212 579 1219 592 ·
1232 578 1259 592 ··

360 646 531 704 Summam
562 647 631 702 vim
662 644 760 703 habet
792 648 829 702 in
861 663 898 703 ea
927 647 1089 703 sententia
1110 642 1168 719 (cf.
1190 645 1332 717 textum)
1356 646 1403 707 καὶ

322 752 407 810 illud
439 768 488 808 ter
519 753 696 825 repetitum
728 755 758 807 et
793 752 888 808 initio
921 750 1127 824 singulorum
1156 747 1407 807 intervallorum

323 859 476 932 positum.
519 855 657 915 Moleste
689 858 780 913 enim
810 857 845 914 id
872 858 908 914 in
930 855 1182 915 Radermacheri
1206 871 1301 913 versu
1323 854 1407 912 desi-

322 962 482 1032 deramus,
505 962 583 1019 lieet
607 961 695 1019 idem
719 961 828 1036 lepide
851 962 1083 1034 excogitaverit
1104 959 1186 1047 ἄτερ.

361 1067 420 1128 Od·
442 1068 474 1127 4:
506 1071 554 1152 ἐμὲ
578 1066 608 1134 δὲ
630 1071 687 1133 τὸν
710 1067 963 1153 ἔξευρόνθᾞπως
985 1068 1070 1133 ἐ’στιιι
1092 1065 1239 1134 roien·-

361 1175 515 1234 Senarius
546 1177 617 1232 sine
650 1175 719 1232 ullo
751 1174 887 1233 vinculo
917 1192 934 1232 e
962 1191 1059 1233 sensu
1088 1174 1271 1234 distractus.
1307 1173 1408 1234 Deest

321 1298 461 1340 caesura.

361 1385 419 1444 (nl.
443 1383 474 1445 7:
496 1385 584 1459 ὅστις
605 1413 642 1471 γε
663 1389 790 1472 πρῶτον
812 1382 887 1448 ὅπλ’
909 1384 993 1471 ἐ’χεις
1016 1384 1236 1472 ἄρρηκτα<τε>

401 1489 552 1584 scirorum,
577 1487 640 1556 ir'tl
661 1494 696 1555 σε’
717 1505 813 1577 φασιν
836 1491 979 1578 ἄτρωτον
1000 1489 1116 1556 πέλειν·

362 1597 415 1660 σῖν
437 1596 493 1681 ἄτρ
519 1631 556 1639 -
577 1598 689 1656 minus
710 1603 796 1656 recte
818 1598 1011 1673 producitur
1033 1595 1101 1685 ἇτρ.

360 1703 501 1790 ἄτρωτος
523 1703 573 1760 bis
595 1705 771 1778 repetitum
793 1705 828 1761 in
851 1704 967 1762 eodem
991 1721 1087 1761 versu
1103 1702 1264 1777 displicet,
1287 1703 1407 1760 rectius

319 1808 397 1866 Aias
429 1811 498 1883 ipse
523 1810 687 1867 diceretur
719 1811 757 1872 οὐ
788 1811 910 1892 τρωτός
941 1843 981 1852 -
1010 1808 1114 1874 πέλειν
1136 1827 1194 1883 pro
1216 1808 1308 1878 εἶναι,
1333 1809 1404 1867 iure

319 2038 376 2094 pro
393 2017 430 2085 δι’
452 2020 529 2105 ὅπερ
551 2021 670 2079 -sed
692 2022 749 2079 ubi
772 2022 905 2079 tandem
931 2020 1139 2081 versificandi
1157 2021 1248 2093 finis,
1271 2023 1298 2081 si
1321 2023 1408 2079 inter

318 2132 443 2201 septem
467 2127 623 2185 vocabula
644 2129 706 2184 tria
721 2127 795 2202 plns
807 2129 960 2186 minusve
972 2132 1156 2200 mutantur,
1168 2131 1205 2186 ut
1214 2130 1407 2186 trimetrum

319 2232 507 2292 lucremur?

359 2338 417 2397 Od·
445 2338 492 2397 ll:
513 2338 613 2421 κ’ἆμοῖ
634 2346 689 2422 μὲν
712 2341 806 2414 αὐτὸς
828 2343 866 2414 ἦν
889 2338 928 2404 ἂν
951 2343 995 2414 εἷς
1017 2339 1135 2414 αὐτοὺς
1157 2339 1338 2426 >loyce-u
1393 2414 1397 2425 ι

360 2445 505 2504 Mutatur
524 2446 616 2518 orll0‚
634 2447 804 2519 reponitur
815 2449 859 2520 εἰς
870 2464 927 2520 pro
939 2447 1034 2532 πρὸς,
1047 2444 1103 2504 sed
1116 2445 1265 2506 attendas
1277 2461 1415 2522 quaeso·

317 2551 437 2627 quibus
452 2549 591 2624 pedibus
603 2555 726 2608 constet
746 2552 905 2610 senarius:
925 2549 1015 2633 κάμοὶ
1034 2549 1039 2628 Ι
1056 2555 1113 2632 μὲν
1128 2552 1165 2615 αὑ
1183 2549 1188 2628 Ι
1207 2554 1264 2626 τὸς
1280 2556 1318 2627 ἦν
1340 2555 1345 2627 Ι
1368 2550 1406 2617 ἂν

317 2659 359 2730 εἰς
378 2653 382 2735 Ι
401 2658 517 2730 αὐτοὺς
536 2655 540 2731 l
560 2655 665 2741 λόγος
690 2673 816 2731 -quo
838 2655 919 2732 quid
941 2660 1045 2730 potest
1068 2673 1136 2714 esse
1160 2657 1404 2730 inelegantius?

358 2764 401 2821 ill·
425 2760 513 2828 δυοῖν
534 2768 590 2844 μὲν
612 2763 669 2824 οὐκ
690 2760 729 2826 ἂν
752 2764 954 2847 φροντίσαις,
977 2763 1049 2835 ἑνὸς
1072 2758 1105 2826 δι’
1130 2760 1278 2848 ylio-u·

358 2867 397 2932 ἂν
412 2868 679 2942 monosyllabum
693 2868 813 2925 iterum
828 2869 863 2925 in
876 2866 941 2924 fine
956 2884 1079 2927 versus.
1102 2885 1181 2926 voce
1193 2895 1230 2954 γε
1242 2871 1406 2928 sententia

316 2991 383 3031 non
406 2974 543 3046 indiget.

356 3078 415 3138 Od.
438 3077 489 3138 13:
512 3081 607 3144 κακὸν
628 3080 778 3166 μέγιστον
799 3089 867 3156 τοῖς
889 3081 1020 3169 ἐ’χονσιν
1044 3080 1173 3165 ἀμαθία·

357 3185 493 3255 Versus,
516 3187 682 3260 proverbii
705 3188 806 3244 instar
828 3188 936 3263 lepide
958 3187 1098 3247 relictus.

357 3290 415 3349 (ld.
439 3290 489 3349 14:
512 3297 545 3356 σὲ
568 3288 645 3365 δ’ὡς
667 3294 799 3379 ἐγῷμαι,
821 3295 878 3368 τὴν
902 3297 996 3378 φύσιν
1019 3294 1218 3381 προσεικάσει

397 3399 511 3460 votior
536 3397 665 3462 τ’ὅνοισι
687 3403 734 3462 καὶ
760 3395 876 3484 βόεσσι
902 3396 1079 3485 φορβάσιν·

357 3501 459 3561 Cuius
491 3506 740 3577 comparationis
772 3506 862 3577 origo
894 3505 935 3562 ad
967 3504 1151 3563 Homerum
1180 3504 1249 3578 pari
1271 3501 1341 3561 iure
1367 3520 1403 3560 ac

315 3609 356 3667 ad
377 3610 577 3682 tragoediam
600 3614 647 3669 est
669 3611 849 3671 referenda.
885 3612 926 3671 cf.
950 3612 1049 3672 Blass.
1073 3612 1108 3672 ll.

357 3716 433 3773 Post
454 3716 532 3774 haec
557 3713 832 3777 Radermacherus
854 3718 964 3792 plures
981 3718 1137 3792 deinceps
1149 3715 1247 3774 finxit
1258 3716 1401 3774 senarios

315 3840 356 3880 ex
378 3821 438 3881 od.
460 3820 548 3881 5-6.

397 3927 554 4014 ἀλλἐἴπερ
576 3931 608 3994 ἐκ
630 3933 694 3993 τῶν
716 3930 843 3993 εἰκότων
868 3931 1041 4014 τεκμήριον,

397 4044 491 4110 κακῆς
513 4034 667 4122 ὑπ’ὀργῐις
690 4038 807 4100 σαυτὸν
829 4036 952 4121 ἐργάσει
974 4039 1084 4110 κακῶς·

397 4139 487 4223 κάμοὶ
508 4145 563 4222 μὲν
586 4138 632 4205 ὅτι
652 4145 728 4216 τοὺς
749 4140 923 4221 πολεμίους
948 4140 1054 4229 λάθρᾳ
1080 4143 1156 4207 κακὰ

395 4243 654 4334 μέγιστ’ἕὲροσα,
679 4244 797 4312 δειλίαν
823 4244 1003 4322 ὠνείδισας,

396 4356 435 4417 σὺ
458 4349 515 4418 δἐἵ
536 4381 564 4417 τι
587 4358 729 4439 φανερῶς
751 4351 1013 4440 κᾷτ’ἐμόχὲιησος
1033 4353 1147 4437 μάτην,
