3458 5182
357 544 489 610 Φθόνον
511 539 541 610 δὲ
564 550 612 610 καὶ
634 543 773 627 ἀμαθίαν
797 551 916 620 νοσεῖς,
943 548 1046 609 κακῶν
1058 545 1267 635 ἐναντιώτατα
1283 545 1401 620 αὑτοῖς·
1417 573 1455 654 13)

316 654 363 715 καὶ
386 653 479 730 ὁμέν
501 679 535 716 σε
557 654 717 733 ἐπιθυμεῖν
738 658 819 715 ποιεῖ
834 649 951 722 καλῶν,
974 653 994 726 ἡ7
1017 648 1048 716 δὲ
1069 651 1245 728 ἀποτρέπει.
1280 650 1403 738 ἀνθρώ·

316 783 411 820 πινον
437 760 494 840 μὲν
523 757 581 821 οὖν
603 784 632 820 τι
655 758 834 829 πέπονθας·
857 751 934 820 διότι
957 758 1020 843 γὰρ
1047 759 1184 844 ἰσχυρὸς
1207 755 1331 826 siscia
1356 761 1403 821 καὶ

317 859 462 947 ἀνδρεῖος
495 861 585 931 εἶναι,
619 867 667 926 καὶ
694 861 751 926 οὐκ
782 859 879 925 οἶσθα
907 863 954 926 ότι
976 866 1073 948 σοφίᾳ
1097 868 1165 951 περὶ
1191 861 1334 946 πόλεμον
1356 867 1405 927 καὶ

318 963 444 1054 ἀνδρείᾳ
464 970 502 1033 ού
523 969 639 1033 ταύτόν
660 970 744 1032 ἐστιν
768 970 913 1053 ἰσχῦσαι,
947 966 1065 1051 ἀμαθία
1086 965 1117 1033 δὲ
1139 971 1234 1034 κακὸν
1255 970 1406 1053 μέγιστον

317 1081 385 1148 τοῖς
406 1072 545 1159 ἐ’χουσιν·
579 1073 664 1156 οἶμαι
688 1070 730 1144 δέ,
751 1073 790 1137 όν
813 1074 889 1138 ποτέ
911 1101 959 1148 τις
982 1073 1042 1161 ἄρα
1065 1076 1168 1160 σοφὸς
1190 1076 1323 1150 ποιητὴς
1337 1079 1404 1163 περὶ
1419 1081 1458 1155 ¹⁴)

318 1177 428 1267 ιἰρετῆς
450 1183 592 1265 γένηται,
620 1183 676 1264 'ipe
697 1183 754 1262 μὲν
777 1181 901 1254 ποιύσει
924 1178 1132 1244 πολύτλαντα
1156 1186 1204 1245 καὶ
1227 1180 1405 1262 πολύμητιν

317 1293 365 1351 καὶ
400 1286 636 1374 πολυμήχανον
669 1292 717 1352 καὶ
754 1286 982 1372 πτολίπορθον
1005 1290 1052 1350 καὶ
1078 1287 1181 1369 μόνον
1206 1288 1265 1361 τὴν
1288 1289 1405 1374 Τροίαν

318 1393 448 1466 ἑλόντα,
481 1399 515 1459 σὲ
547 1392 594 1467 δι’,
627 1396 672 1469 ὡς
703 1391 837 1480 ἐγῷμαι,
870 1392 929 1467 τὴν
963 1392 1058 1475 φύσιν
1074 1390 1258 1466 ’ἀπεικάζων
1283 1401 1352 1467 τοῖς
1374 1420 1405 1457 τε

318 1502 453 1564 νωθέσιν
482 1500 572 1575 ὄνοις
595 1504 642 1564 καὶ
664 1496 765 1585 βουσὶ
794 1505 862 1572 τοῖς
885 1493 1065 1582 φορβάσιν,
1090 1495 1207 1572 ἄλλοις
1229 1500 1405 1585 παρέχουσι

319 1601 474 1687 δεσμεύειν
497 1610 544 1671 καὶ
569 1602 737 1690 Ζευγνύναι
757 1603 883 1677 αύτούς·

350 1811 381 1876 13)
415 1812 483 1863 κακὼ
510 1814 685 1864 ἐναντιωτόπω
712 1813 740 1863 O.
759 1812 829 1872 Rsk.
847 1813 895 1861 Bk.
912 1816 998 1861 κακῶν
1014 1812 1186 1862 ἐναντιώτατα
1204 1813 1274 1875 vulg.
1295 1841 1323 1850 -
1344 1814 1407 1864 διότι

317 1905 366 1970 γὰρ
384 1903 491 1969 ἰσχυρός
508 1905 536 1953 O.
555 1904 617 1954 διότι
635 1902 738 1969 ἰσχυρὸς
755 1904 776 1952 εἶ
793 1917 858 1951 corr.
877 1902 911 1952 N.
928 1901 992 1951 διότι
1009 1902 1057 1968 γὰρ
1075 1901 1179 1968 ἰσχυρὸς
1195 1902 1221 1952 J.
1234 1904 1270 1952 M.
1282 1904 1316 1953 X.
1329 1905 1354 1955 b.
1366 1904 1406 1954 διὰ

318 1995 366 2060 γὰρ
383 1996 412 2044 τό
430 1996 493 2044 εἶναι
510 1993 614 2059 ἰσχυρός
631 1995 703 2056 vulg.
720 2021 752 2031 -
770 1993 824 2055 οἴει,
842 1991 879 2053 εἴη
896 1993 922 2042 ό.
941 1992 976 2041 Μ.
993 2019 1025 2029 -
1043 1993 1084 2041 καί
1102 1997 1166 2042 ante
1183 1993 1229 2043 οὐκ
1245 1994 1305 2042 add.
1319 1995 1348 2045 Ο.
1358 1996 1405 2043 Bk.

318 2083 343 2133 δδ
361 2083 401 2133 ότι
417 2083 442 2132 J.

351 2171 384 2236 ¹⁴)
420 2173 514 2239 ποιήσῃ
531 2173 556 2221 J.
575 2173 611 2223 M.
629 2173 662 2220 N.
684 2199 717 2208 -
740 2170 877 2222 πολύτλαν
895 2189 930 2233 τε,
949 2171 1118 2221 παλύτλαντα
1135 2171 1184 2221 Bk.
1206 2200 1238 2207 -
1255 2176 1310 2232 τοῖς
1327 2190 1362 2236 τε,
1380 2191 1406 2223 τε

318 2277 368 2311 om.
386 2262 415 2312 O.
432 2289 464 2299 -
482 2263 552 2320 ὄνοις
571 2262 651 2311 Blass.
669 2262 719 2310 ci:
739 2261 770 2311 Il.
788 2261 838 2322 XI,
856 2263 911 2311 558.
929 2289 962 2296 -
979 2265 1032 2319 τοῖς
1050 2261 1162 2325 φορβόσι
1179 2262 1205 2311 J.
1223 2262 1259 2312 M.
1276 2262 1307 2311 N.
1324 2264 1364 2312 καὶ
1377 2263 1405 2314 C.

319 2356 376 2410 ταῖς
394 2352 453 2401 Ald.
472 2352 560 2415 Steph.
577 2352 605 2399 in
623 2352 740 2413 margine
759 2351 819 2400 Rsk.
839 2351 931 2400 Blass:
951 2350 985 2400 cf.
1004 2350 1034 2401 Il.
1052 2350 1131 2412 XIII,
1150 2352 1206 2401 703,
1217 2378 1249 2386 -
1262 2351 1407 2417 ὑπάρχουσι

319 2441 366 2489 Bk.
377 2439 517 2505 παρέχουσι
525 2441 586 2490 Rsk.
593 2440 705 2505 Toupius
712 2440 755 2503 (ad
765 2441 837 2490 Suid.
844 2443 867 2502 3,
876 2456 901 2505 p.
911 2442 962 2503 46),
974 2441 998 2489 S.
1008 2468 1039 2477 -
1047 2441 1194 2499 αύτοδςΒΙε.
1204 2439 1366 2500 αύτούςΒεΙε.
1373 2443 1401 2493 S.

326 2780 562 2829 declamationibus
596 2781 736 2841 debemus,
760 2781 835 2830 abuti

325 2869 410 2918 noluit
431 2869 460 2917 in
477 2870 637 2932 corrigendis
653 2871 724 2919 hisce
742 2871 834 2919 verbis.

326 2960 426 3009 Idcirco
442 2961 509 3008 mihi
525 2975 628 3022 quoque
647 2975 740 3009 manus
756 2961 835 3009 absti-

325 3064 386 3099 nere
403 3050 497 3099 liceat!

341 3138 371 3202 ¹⁸)
404 3147 489 3190 κακῶν
505 3141 679 3192 ἐναντιώτατα
694 3140 784 3199 αὑτοῖς
797 3141 836 3190 ita

326 3231 443 3294 plerique
452 3231 835 3294 editoresscribuntsigmma-

326 3321 363 3382 la,
385 3336 452 3383 quac
468 3322 540 3369 inter
556 3321 627 3370 mala
642 3321 756 3370 maxime
773 3324 836 3369 sunt

325 3410 462 3474 opposita;
479 3411 550 3459 haud
566 3411 731 3474 ineleganter
744 3411 836 3460 Reiske

326 3501 462 3565 proposuit
490 3501 606 3549 dualem:
628 3498 694 3550 κακὼ
712 3500 835 3550 ἐναντιω-

325 3589 402 3640 τάτω.

359 3680 422 3731 διότι
451 3681 499 3746 γὰρ
517 3678 623 3745 ἰσχυρὸς
647 3680 728 3729 Blass.
746 3680 836 3741 habet,

326 3771 394 3819 addo
402 3785 434 3820 ex
444 3771 476 3819 N.
483 3771 514 3828 εῖ;
525 3769 565 3818 διὰ
575 3770 603 3818 τό
613 3771 661 3834 γὰρ
670 3771 735 3819 εἶναι
745 3768 797 3833 ι’σχ.
807 3772 838 3816 ut

325 3861 445 3909 scribunt
454 3859 547 3908 Reiske
556 3857 837 3922 etStephanus‚r'nter·

326 3951 408 4013 pretis
430 3964 483 3998 esse
503 3947 569 3996 mihi
586 3948 700 3998 videtur.

343 4038 374 4103 ¹⁴)
393 4038 560 4088 πολυτλάντα
576 4041 604 4086 et
614 4052 680 4099 quae
690 4039 838 4099 sequuntur

892 2782 1010 2845 epitheta
1027 2786 1090 2830 ncta
1107 2796 1140 2831 ex
1158 2782 1287 2842 Homero;
1304 2783 1402 2832 omitti-

892 2875 936 2920 tur
954 2871 1131 2935 πολύτροπος,
1153 2873 1185 2921 de
1203 2888 1254 2936 quo
1270 2874 1402 2937 adjectivo

891 2961 1064 3011 Antisthenes
1097 2963 1254 3026 singillatim
1287 2965 1342 3027 egit
1370 2966 1403 3013 ad

892 3049 939 3101 Od.
958 3052 983 3111 Ι,
1002 3053 1024 3102 l.

925 3143 951 3190 σὲ
969 3140 994 3190 δὲ
1012 3141 1131 3191 breviter
1149 3143 1256 3191 iterum
1273 3144 1345 3192 dicta
1371 3160 1417 3208 pro

892 3231 994 3291 ποιήσει
1007 3246 1040 3281 sc.
1051 3232 1152 3295 νωθρὸν
1164 3234 1207 3281 καὶ
1215 3231 1324 3295 βραδύν,
1333 3234 1403 3296 quod

892 3320 945 3368 iam
962 3320 1080 3382 explevit
1099 3321 1200 3381 Reiske,
1218 3326 1358 3371 nectamen
1375 3325 1402 3371 in

891 3412 996 3457 textum
1012 3410 1120 3473 recepit.

927 3499 965 3546 De
990 3499 1229 3561 comparationibus
1257 3501 1403 3550 Homericis

894 3589 963 3637 infra
981 3589 1115 3651 agendum
1132 3595 1179 3639 est.
1198 3591 1231 3640 ci.
1251 3592 1331 3641 Blasa
1349 3592 1376 3643 l.

926 3682 984 3736 ταῖς
1001 3678 1112 3727 fortasse
1128 3683 1246 3742 praestat
1264 3685 1329 3730 ante
1340 3690 1402 3747 φορ-

893 3765 982 3829 βάσιν,
1001 3767 1090 3825 ἄλλοις
1110 3782 1144 3816 sc.
1162 3768 1321 3834 ἀνθρώποις.

928 3853 1068 3919 παρέχουσι
1093 3856 1121 3903 in
1144 3857 1192 3906 hoc
1214 3872 1291 3907 sensu
1308 3860 1403 3910 tritum
1451 3924 1453 3928 y

895 3944 1003 3993 verbum
1030 3946 1145 4009 reposuit
1174 3947 1266 3997 Reiske
1288 3951 1321 3999 cf.
1339 3965 1364 4000 τ.
1381 3966 1403 4001 c.

894 4034 974 4085 Arist.
983 4034 1052 4084 Nnb.
1062 4036 1191 4087 440.P1at.
1202 4037 1311 4089 Phaedr.
1316 4055 1341 4103 p.
1348 4043 1404 4092 228.
