3458 5182
790 396 885 460 ι23

322 594 352 652 p.
375 574 422 639 35.
477 579 522 638 id.
673 602 676 607 ’
708 578 788 637 ibid.
897 597 927 655 p.
961 576 1013 638 68:
1045 580 1131 645 Ἀντ.
1163 614 1204 623 -
1234 580 1408 667 ἄνθρωπον

584 690 649 774 ὁρῶ
658 729 667 761 ,
677 686 918 772 ,ἀνθρωπότητα
933 682 1026 773 δὀύχ
1041 690 1116 774 ὁρῶ·
1139 686 1308 747 DissenSiO
1324 690 1409 747 inter

204 861 209 867 ,
586 792 756 852 Platonem
778 795 809 851 et
832 790 995 867 Cynicum
1011 791 1051 851 de
1066 792 1154 855 ideis,
1166 795 1243 852 satis
1260 798 1335 853 nota
1351 798 1407 855 est.

321 916 351 974 p.
373 895 421 958 56.
443 898 484 957 fr.
507 897 554 957 77.
585 898 680 972 Di0g.
702 897 807 958 Laert.
828 897 886 957 VI.
907 896 946 957 4:
968 931 1009 940 -
1037 901 1066 962 οἱ
1092 903 1147 980 μὲν
1175 900 1238 986 γὰρ
1262 903 1408 987 νεκροὺς,

584 1007 614 1068 οἱ
636 999 667 1069 δὲ
690 1002 813 1079 ζῶντας
826 1006 997 1076 ἐσθίουσιν,
1009 1003 1086 1062 Inde
1099 1008 1237 1079 protestaii
1249 1007 1282 1062 in
1296 1022 1408 1064 COI'VOS

584 1126 683 1185 quam
705 1110 741 1166 in
762 1113 974 1168 assentatores
995 1110 1150 1169 incidere.

321 1232 351 1290 p.
374 1213 423 1275 59.
444 1215 485 1275 tr.
508 1212 557 1276 89.
588 1214 676 1275 Stob.
699 1215 735 1275 Τ.
756 1212 806 1288 45,
828 1213 876 1277 28.
907 1214 1010 1275 Gaisf.
1033 1235 1063 1292 p.
1086 1215 1154 1277 252.
1193 1216 1408 1276 Antisthenes

584 1322 818 1396 interrogatus,
849 1322 1013 1399 quomodo
1042 1332 1098 1398 τῆν
1130 1320 1292 1389 πολιτείαν
1323 1323 1407 1381 adtri

585 1431 756 1503 oporteret,
768 1428 866 1487 dixit:
883 1431 1021 1515 καθάπερ
1034 1432 1118 1515 πυρὶ,
1130 1431 1203 1510 μήτε
1215 1424 1289 1492 λίαν
1300 1430 1407 1513 ἐγγὺς,

584 1534 636 1598 'iva
657 1535 698 1616 μὴ
721 1536 816 1620 scope,
838 1536 911 1616 μήτε
934 1536 1061 1621 πόρρω,
1082 1533 1135 1598 ’iva
1155 1535 1196 1616 μὴ
1216 1531 1370 1620 ῥιγωσῃς.

321 1658 352 1715 p.
375 1637 423 1699 60.
445 1640 486 1699 fr.
509 1636 557 1700 93.
589 1638 683 1712 Diog.
705 1637 809 1698 Laert.
823 1639 890 1698 VI.
912 1636 940 1699 3.
974 1639 1193 1714 Interroganti
1221 1641 1407 1698 cuiusmodi

583 1763 720 1805 uxorem
736 1744 878 1817 duceret,
893 1745 1075 1820 respondit:
1099 1779 1137 1788 —
1160 1744 1199 1810 ἂν
1220 1749 1275 1827 μὲν
1297 1743 1407 1820 καλὴν,

584 1846 662 1924 ἕξεις
684 1850 841 1924 κοινὴν,
865 1847 904 1913 ἂν
928 1846 959 1915 δὲ
981 1852 1129 1939 αἰσχρὰν,
1153 1848 1230 1927 ἕξεις
1250 1854 1408 1926 ποινήν.

362 2062 407 2120 ΙΙ.
451 2065 694 2149 παρονομασίαι·

320 2185 350 2242 p.
374 2166 421 2227 16.
443 2168 484 2228 fr.
534 2166 561 2227 7.
584 2167 689 2227 Proel.
713 2169 748 2226 in
770 2166 856 2226 Plut.
878 2166 986 2226 Aleib.
1008 2184 1039 2241 p.
1061 2164 1100 2228 98
1122 2166 1194 2227 Vol.
1212 2168 1408 2228 LKreuzer:

584 2272 799 2332 Antisthenes
832 2271 872 2332 de
893 2272 1101 2332 adulescente
1122 2273 1209 2348 apud
1231 2272 1408 2332 Chironem

585 2379 733 2437 educato:
745 2381 843 2464 μέγας
855 2379 918 2466 γὰρ
932 2377 1038 2464 (φησι)
1049 2382 1097 2444 καὶ
1109 2377 1208 2453 καλὸς
1221 2384 1268 2444 καὶ
1280 2382 1408 2465 ὡραῖος,

587 2485 643 2550 ούκ
666 2482 705 2549 ἂν
728 2484 825 2549 αύτοῦ
848 2485 1005 2570 ἠράσθη
1029 2479 1134 2559 δειλὸς
1157 2487 1340 2572 ἐραστής.

320 2609 350 2666 p.
373 2589 420 2650 19.
443 2591 483 2650 fr.
507 2589 555 2650 16.
584 2590 705 2648 Athen.
729 2589 827 2649 XIII.
850 2607 880 2665 p.
903 2586 971 2650 589.
994 2588 1045 2648 E.:
1068 2589 1282 2649 Antisthenes
1297 2589 1338 2648 de
1350 2590 1408 2649 Pe-

479 2683 484 2697 ’
581 2695 672 2768 riola,
693 2711 802 2754 amore
823 2694 978 2772 Aspasiae
990 2695 1173 2771 deperdito:
1185 2729 1225 2738 -
1238 2699 1409 2783 ἐρασθέντα

583 2806 679 2888 φησὶν
719 2802 814 2866 αὐτὸν
853 2802 1077 2876 Ἀσπασίας
1120 2799 1168 2876 ἃς
1205 2812 1260 2878 τῆς
1292 2803 1408 2889 ἡμέρας

585 2911 720 2973 εἰσιόντα
746 2911 795 2973 καὶ
821 2904 943 2979 ἐξιόντα
975 2907 1126 2984 ἆπάύτῆς
1149 2907 1408 2982 ἀσπάζεσθαι

581 3016 639 3090 τὴν
660 2995 951 3100 ἄνθρωπον-

319 3137 350 3194 p.
372 3118 420 3180 34.
444 3120 608 3196 ofisupra:
629 3121 757 3186 ἵππον
789 3123 844 3204 μὲν
875 3125 956 3206 ὁρῶ,
985 3122 1183 3194 ἱππότητα
1212 3115 1303 3205 δὀύχ
1320 3125 1407 3214 Q

446 3291 448 3294 ⁴
585 3224 795 3313 ἄνθρωπον
818 3208 1200 3324 ΉΤᾶ-νὲρωπότητα
1220 3222 1410 3328 Q

319 3348 350 3406 p.
371 3327 420 3391 53.
443 3332 483 3391 fr.
507 3329 555 3392 70.
578 3331 680 3392 Olem.
708 3332 804 3392 Alex.
829 3334 931 3393 Protr.
955 3351 986 3408 p.
1008 3329 1047 3391 64
1069 3330 1170 3390 Pett:
1192 3331 1407 3395 Antisthenes

583 3437 710 3512 vulgari
733 3440 892 3514 religione
913 3438 1000 3498 haud
1016 3437 1204 3510 obstrietus,
1220 3440 1347 3515 inquIt:
1370 3441 1406 3505 οὐ

579 3570 596 3606 τ
603 3546 707 3630 ρέφιο
728 3544 785 3620 τὴν
807 3547 921 3631 μητέρα
942 3547 1006 3607 τῶν
1028 3546 1121 3612 θεῶν,
1141 3541 1180 3618 ἣν
1195 3543 1306 3608 οἷ’θεοὶ
1328 3572 1345 3607 r
1352 3549 1407 3632 ρί-

583 3663 742 3736 φουσιν.
1020 3630 1124 3640 —
1236 3630 1302 3640 .-

317 3775 348 3833 p.
370 3754 418 3817 56.
451 3756 546 3832 Diog.
579 3755 683 3816 Laert.
716 3756 774 3818 VI.
806 3755 827 3815 4
858 3756 901 3815 of.
932 3772 1042 3830 supra:
1072 3764 1212 3843 κρεῖττον
1239 3754 1327 3843 ’ἔλεγε
1364 3760 1407 3833 εἷς

581 3865 753 3950 κόρακας
775 3860 796 3936 ἢ
817 3864 861 3936 εἷς
883 3860 1062 3935 κόλακας
1083 3863 1233 3942 ἐμπεσεῖν·

316 3984 346 4042 p.
369 3965 418 4040 58,
440 3968 481 4028 fr.
504 3965 551 4028 83.
576 3966 663 4026 Stob.
707 3966 748 4039 T,
792 3964 825 4039 6,
866 3965 893 4025 7.
936 3965 1151 4025 Antisthenes
1183 3966 1223 4026 de
1260 3969 1406 4043 volupta-

581 4073 670 4131 tibus
692 4071 791 4131 dixit:
813 4075 871 4146 τὰς
897 4075 939 4151 μὴ
967 4073 1042 4136 κατὰ
1069 4075 1172 4156 θύραν
1194 4074 1407 4150 εἰσιούσας

580 4173 700 4252 ἡ8ονὰς
744 4176 917 4265 ἀναγκαῖον
958 4179 999 4260 μὴ
1045 4179 1120 4243 κατὰ
1164 4180 1266 4264 θύραν
1309 4178 1406 4244 πάλιν

582 4280 731 4355 ἐξιέναι
752 4316 793 4325 -

317 4385 663 4461 attentasset.
696 4388 732 4461 T,
755 4387 803 4462 82,
832 4388 859 4450 8.
903 4390 959 4458 οὐκ
989 4389 1260 4481 ἀντιλέγοντα
1286 4387 1331 4457 δεῖ
1350 4396 1407 4460 τὸν
