3458 5182
838 387 877 451 29

355 577 399 639 Ut
411 576 474 636 iam
490 570 743 645 observavimus,
760 569 891 646 Gorgias
907 570 1083 632 rhetoricae
1098 571 1223 630 auxilio
1234 571 1295 630 hoo
1308 573 1404 630 unice

316 683 443 743 efficere
465 680 590 753 studet,
614 683 649 736 ut
671 695 764 736 aures
786 682 990 737 commoveat
1012 696 1167 737 sonorum
1187 676 1404 737 concinnitate

317 789 562 865 figurarumque
588 786 734 843 accurata
756 781 1005 857 compositione:
1028 786 1138 859 itaquo
1160 787 1404 856 argumentum,

316 897 357 954 de
379 913 444 972 quo
465 892 545 966 agit,
568 893 598 949 ei
621 887 756 971 minoris
778 893 825 947 est
848 888 1019 949 momenti:
1042 888 1075 948 id
1091 893 1220 947 tantum
1236 889 1404 963 spectanti,

318 1001 481 1078 quomodo
504 993 752 1056 multitudinem
775 992 906 1067 ingenio
928 1011 986 1053 suo
1004 999 1142 1053 moveat.
1155 993 1180 1070 ¹)
1197 992 1301 1064 Quare
1317 992 1405 1071 quic-

318 1105 397 1185 quid
421 1105 482 1165 erit
503 1099 672 1164 sententiis
694 1105 749 1159 aut
772 1098 916 1174 cogitatis
938 1100 1009 1158 leve
1031 1100 1084 1158 vel
1106 1101 1275 1176 jejunum,
1298 1102 1406 1161 verbis

317 1210 476 1280 nitidum,
509 1206 621 1282 figuris
653 1205 850 1277 iucundum,
884 1203 1150 1266 translationibus
1181 1207 1401 1281 magnificum,

318 1313 550 1391 compositione
580 1312 781 1371 elaboratum
804 1328 872 1371 esse
894 1310 1003 1380 debet;
1027 1329 1102 1370 nam
1125 1311 1186 1372 scit
1206 1312 1279 1373 talis
1301 1323 1408 1373 orator

320 1422 389 1498 (aut
411 1419 536 1498 auctor)
560 1413 715 1477 eventurn
736 1416 778 1475 ad
800 1432 833 1474 se
856 1415 963 1491 ipsum
987 1435 1053 1475 non
1075 1417 1116 1475 ad
1138 1436 1265 1478 causam
1282 1419 1406 1480 referri.

359 1527 407 1587 Ac
443 1525 527 1599 vide,
564 1523 640 1602 quid
677 1520 808 1580 differat
843 1521 1065 1582 Antisthenes.
1111 1522 1240 1582 Profert
1275 1524 1407 1601 quidem

319 1634 457 1692 eandem
487 1635 599 1702 artem,
626 1631 760 1702 usurpat
782 1626 899 1685 eadem
917 1625 1064 1701 artificia,
1088 1627 1144 1688 sed
1166 1627 1313 1704 sequitur
1333 1648 1408 1688 con·

319 1737 429 1798 silium
461 1753 592 1812 prorsus
625 1733 802 1793 diversum.
848 1732 933 1803 Quid
965 1733 1052 1793 enim
1079 1733 1211 1794 stultius
1233 1753 1330 1812 quam
1353 1746 1408 1812 τῆς

320 1839 453 1917 ἀδοξίας
467 1841 494 1920 ⁹)
518 1841 720 1900 laudatorem
741 1839 782 1898 ad
804 1836 910 1898 laudis
930 1845 986 1898 aut
1000 1839 1120 1913 gloriae
1136 1839 1235 1899 finem
1251 1842 1407 1900 tendere?

321 1949 378 2009 Est
400 1946 613 2024 philosophus
634 1951 666 2004 et
688 1942 817 2003 moralis
834 1942 978 2020 quidem,
994 1945 1144 2020 proponit
1158 1953 1244 2005 certa
1259 1947 1409 2022 exempla

321 2053 481 2113 virtutum
514 2057 545 2110 et
577 2049 747 2121 vitiorum,
781 2048 943 2124 vituperat
963 2050 1117 2109 audacter
1137 2051 1280 2130 reliquos
1301 2053 1409 2113 inania

322 2158 498 2235 cupientes,
521 2156 665 2232 increpat
687 2154 865 2215 insolenter
888 2172 992 2216 mores
1007 2158 1193 2233 aequalium
1209 2160 1409 2236 depravatos,

322 2264 386 2324 suis
418 2261 596 2339 praeceptis
628 2263 669 2321 ad
701 2261 833 2321 meliora
865 2259 968 2332 ducit,
1000 2266 1103 2321 semet
1125 2262 1231 2338 ipsum
1253 2268 1409 2342 tanquam

323 2388 416 2429 verae
449 2367 582 2427 vivendi
613 2365 746 2427 rationis
778 2366 966 2443 exemplum
996 2367 1105 2428 offert.
1161 2369 1270 2441 Quum
1301 2375 1409 2429 autern

323 2475 525 2550 sagacissime
557 2480 707 2535 naturam
739 2471 913 2532 hominum
941 2473 1123 2549 perspiciat,
1146 2475 1229 2534 bene
1250 2475 1409 2535 intellexit

324 2585 355 2640 et
376 2580 476 2640 sensit
498 2597 708 2639 communem
734 2596 928 2651 sermonem,
944 2579 1113 2654 vulgarem
1130 2581 1303 2639 verborum
1325 2599 1410 2640 corn-

324 2685 516 2762 positionem
549 2691 580 2745 et
602 2703 744 2758 sensnm,
766 2684 806 2743 ad
829 2684 963 2744 consilia
985 2703 1041 2744 sua
1063 2686 1323 2745 commendanda
1344 2705 1411 2744 non

325 2791 400 2852 satis
422 2793 538 2851 valere.
572 2791 661 2867 Opus
683 2790 712 2849 ei
728 2795 790 2863 est,
806 2795 843 2849 ut
858 2808 933 2850 cum
950 2789 1103 2850 Cicerone
1119 2792 1247 2869 loquar,
1263 2809 1411 2852 sermone

325 2916 441 2958 nervos
463 2903 495 2957 et
516 2897 645 2957 aculeos
666 2897 816 2968 habente,
827 2895 854 2974 3)
878 2902 914 2955 ut
935 2902 1068 2972 pungat,
1084 2902 1120 2956 ut
1135 2896 1237 2956 irritet
1253 2897 1411 2958 homines.

327 3004 452 3064 Idcirco
464 3003 499 3062 in
514 3001 681 3082 Cynicis⁴)
702 3001 940 3062 elocutionibus
955 3008 1048 3062 acuta
1063 3002 1218 3062 acerbitas
1226 3004 1264 3082 ⁵),
1277 3003 1413 3077 agrestia

359 3243 382 3305 ¹)
417 3244 507 3301 Quint.
520 3244 592 3293 lnst.
611 3242 653 3294 Or.
672 3243 751 3304 VIII,
769 3244 792 3292 3.

359 3330 383 3391 ²)
418 3333 493 3394 Diog.
511 3332 598 3381 Laert.
611 3331 641 3391 V,
660 3334 735 3379 11-
747 3331 797 3392 τὴν
814 3350 840 3380 τε
859 3333 966 3388 ἀδοξίαν
984 3332 1143 3399 ἀγαθὸνκαὶ
1161 3335 1273 3401 ἴσοντῷ
1291 3337 1364 3400 πόνῳ
1382 3364 1414 3371 -

326 3423 440 3471 nominis
473 3422 662 3472 obscuritatem
697 3423 827 3485 Diogenes
855 3439 957 3486 quoque
986 3425 1160 3474 commendat.
1181 3425 1215 3473 cf.
1241 3427 1298 3472 Arr.
1326 3425 1413 3488 Epict.

327 3514 353 3573 Ι,
370 3515 412 3562 24:
430 3513 529 3569 ἐυδοξία
546 3511 629 3577 ψόφος
647 3513 700 3561 ἐστὶ
718 3511 882 3578 μαινομένων
900 3513 1053 3578 ἀνθρώπων.

358 3602 383 3666 ⁸)
417 3604 475 3653 Joel
492 3619 517 3667 p.
536 3604 582 3651 507
588 3619 593 3651 :
618 3603 664 3650 Als
683 3603 743 3651 sehr
760 3603 887 3651 werksam
910 3603 1019 3677 riihmen
1037 3603 1065 3664 J'a
1081 3604 1148 3652 auch
1166 3605 1208 3653 die
1227 3605 1355 3667 Sp'atercn
1372 3605 1414 3653 die

326 3694 555 3744 antisthenisehcn
574 3693 707 3742 Schriften
727 3692 780 3740 und
797 3692 839 3741 die
858 3691 997 3754 Mischung
1015 3707 1066 3740 von
1084 3693 1259 3743 sokratischer
1272 3695 1414 3754 Dialektik,

327 3785 520 3846 gorgianiseher
551 3784 743 3834 Beredsamkeit
777 3784 832 3831 und
865 3783 1004 3846 kynischer
1036 3783 1177 3844 Herbheit‚
1202 3784 1248 3832 der
1275 3784 1414 3832 Reichtum

328 3874 485 3923 drastischor
517 3874 607 3923 Bilder
633 3874 688 3922 und
714 3873 890 3922 antithetiseh
916 3873 1004 3921 scharf
1029 3872 1212 3935 gesohliffener
1230 3874 1343 3922 Pointen
1360 3873 1415 3921 und

329 3964 441 4012 Termini
469 3967 566 4012 musstc
591 3963 672 4012 ihnen
698 3964 741 4012 ein
759 3963 983 4022 eindruckvolles,
1009 3962 1270 4011 charakteristisches
1296 3963 1415 4025 Gepr'agc

328 4054 423 4115 geben,
441 4054 475 4103 ob
493 4069 548 4102 nun
565 4053 631 4103 auch
650 4053 692 4101 die
710 4053 839 4114 Wirkung
857 4052 930 4100 mehr
948 4051 1083 4114 anrogeud
1100 4052 1139 4099 als
1157 4051 1337 4113 iiberzeugend
1354 4067 1415 4101 war.

361 4142 385 4204 ⁴)
419 4142 565 4192 Veritatem
580 4143 692 4206 Cynicos
703 4158 791 4192 omncs
804 4158 866 4206 prae
875 4143 995 4191 omuibus
1004 4143 1138 4190 adamasse
1147 4144 1260 4189 constat.
1278 4141 1312 4191 ct.
1322 4141 1416 4190 Weber

330 4247 355 4295 p.
374 4235 510 4284 tol-189.

362 4321 386 4387 ⁶)
420 4323 591 4372 Antisthenes
614 4338 655 4388 ap.
680 4323 754 4385 Diog.
777 4322 866 4372 Laert.
890 4323 937 4382 VI,
960 4323 985 4370 3:
1007 4322 1116 4385 μανείην
1140 4321 1242 4385 μᾶλλον
1267 4319 1284 4381 ἢ
1309 4319 1418 4383 debetur

331 4414 437 4477 (contra
453 4412 638 4476 Aristippum).
