3458 5182
844 380 882 444 61

318 563 487 623 vindicare
519 563 647 622 studeat
679 566 711 621 et
744 561 878 622 Boechii
896 562 921 638 1)
944 563 1009 620 viri
1031 562 1206 622 clarissimi
1230 562 1270 620 de
1291 562 1352 621 hac
1374 579 1408 620 re

319 671 443 729 iudicio
475 688 516 728 ex
547 671 658 729 animo
689 669 864 742 suffragor,
897 673 1007 727 tamen
1029 673 1115 727 certa
1137 686 1251 727 norma
1264 668 1292 747 ³)
1315 685 1409 741 usus,

319 777 445 835 indicia
466 775 627 834 nonnulla
648 791 667 832 a
688 790 741 831 me
763 774 882 832 adduci
899 791 992 848 posse
1007 765 1150 848 speravi,
1166 791 1248 849 quae
1263 774 1410 832 indolem

325 881 441 940 harum
465 881 743 939 declamationum
764 877 1031 938 Antisthenicam
1057 878 1275 938 ostenderent.
1317 877 1411 949 Quod

320 987 347 1044 si
369 985 526 1044 audacius
547 1000 691 1059 sperasse
714 983 867 1055 videbor,
888 988 998 1040 tamen
1021 982 1110 1041 haud
1126 983 1280 1041 inutilem
1295 982 1412 1041 fecisse

321 1090 465 1149 laborem
481 1107 533 1148 me
554 1096 648 1165 putu,
668 1089 696 1148 si
713 1091 860 1147 accurate
875 1088 1010 1147 collecta
1024 1087 1052 1165 ³)
1074 1090 1221 1147 virorum
1243 1089 1412 1147 doctorum

322 1196 363 1254 de
385 1213 421 1254 ea
442 1213 476 1253 re
498 1193 623 1253 iudicia
643 1195 852 1268 exposuerim
873 1210 910 1251 ac
931 1193 1171 1268 perpenderim.

364 1298 519 1359 Laborem
553 1305 702 1359 nostrum
724 1298 888 1357 trifariam
910 1297 1102 1357 dividimus.
1146 1298 1296 1356 Primum
1318 1316 1412 1372 agen-

323 1408 403 1466 dum
438 1412 485 1466 est
518 1407 558 1464 de
590 1405 760 1464 codicibus
782 1409 814 1463 et
841 1405 1053 1478 editionibus,
1076 1405 1116 1463 de
1138 1404 1245 1464 forma
1266 1423 1302 1463 ac
1324 1407 1414 1477 stilo,

323 1514 364 1572 de
396 1512 510 1586 figuris
542 1513 724 1588 tropisque,
757 1509 798 1568 de
831 1508 1052 1585 sophistarum
1085 1511 1120 1567 in
1153 1511 1286 1570 dicendi
1318 1512 1414 1569 modo

322 1615 570 1688 imitationibus,
603 1615 780 1692 ceterisque
812 1614 959 1672 eiusdem
980 1614 1116 1688 generis.
1139 1614 1224 1674 Dein
1246 1616 1286 1674 de
1308 1615 1347 1675 iis
1368 1615 1415 1674 di-

324 1741 435 1783 cemus
466 1721 609 1794 indiciis,
636 1739 719 1798 quae
740 1721 781 1780 ad
803 1719 962 1794 originem
985 1718 1139 1794 Cynicam
1163 1722 1304 1793 ducunt,
1327 1721 1416 1780 colli·

324 1846 453 1904 gemus,
486 1831 647 1904 quantum
671 1830 790 1901 potest,
812 1823 947 1897 vestigia
969 1823 1133 1884 doctrinae
1155 1825 1415 1898 Antisthenicae,

325 1934 359 1993 in
391 1933 511 2010 quibus
542 1929 754 1990 enucleandis
784 1930 874 1988 iuxta
906 1928 1127 1988 manifestiora
1159 1931 1356 1990 documenta
1377 1931 1417 1989 ad

327 2059 462 2099 manum
483 2036 691 2097 Antisthenis
711 2037 949 2110 agnoscendam
970 2037 1021 2094 vel
1038 2034 1254 2096 minutissima
1269 2054 1417 2114 quaeque

327 2144 464 2206 alieuius
485 2161 553 2203 esse
576 2141 733 2201 momenti
755 2141 980 2219 unusquisque
1003 2141 1167 2201 concedet.

369 2251 576 2315 Postremum
616 2246 826 2307 tractabimus
867 2246 1169 2320 commentat-iones,
1206 2264 1285 2325 quas
1320 2267 1351 2307 v.
1387 2249 1418 2307 d.

330 2336 524 2416 Benselerus
545 2360 578 2413 et
601 2353 879 2413 Radermacherus
902 2353 942 2411 de
965 2351 1175 2412 oratiunculis
1190 2353 1398 2430 seripserunt.

371 2458 545 2536 Praeposui
567 2465 696 2518 textum
717 2457 825 2518 Aiacis
847 2463 878 2517 et
900 2456 1004 2517 Ulixis
1026 2459 1169 2535 -quod
1190 2458 1279 2518 haud
1301 2456 1420 2519 iniuste

331 2567 411 2626 mihi
434 2565 548 2626 fecisse
571 2564 697 2636 videor,
720 2563 795 2641 quia
816 2564 971 2639 opuscula
990 2563 1106 2623 haecce
1122 2563 1250 2624 obscuri
1265 2566 1420 2642 quodam-

331 2675 429 2732 modo
450 2671 577 2746 generis
599 2670 687 2729 haud
710 2669 828 2746 cuique
850 2669 891 2729 ad
914 2687 1031 2729 manus
1052 2675 1129 2730 sunt
1151 2676 1182 2730 et
1203 2669 1421 2730 necessarium

332 2780 413 2840 mihi
440 2777 548 2838 visum
582 2782 629 2837 est
662 2775 804 2836 indicare
835 2775 938 2837 varias
970 2773 1125 2836 lectiones
1153 2777 1421 2856 conjecturasque

333 2905 374 2945 ex
405 2885 560 2943 omnibus
592 2881 803 2954 editionibus,
836 2899 915 2958 quas
945 2881 1032 2940 adire
1064 2882 1170 2957 potui;
1198 2884 1423 2944 commentarii

334 2993 405 3052 loco
431 2990 483 3049 hic
507 2988 574 3048 illic
595 2987 759 3048 immiscui
780 2985 1019 3061 adnotationes,
1042 2986 1161 3064 quibus
1182 2988 1288 3050 allatis
1309 2994 1423 3050 notatu

335 3094 432 3168 digua
454 3092 613 3169 quaedam
635 3092 821 3151 observasse
843 3107 895 3148 me
918 3089 1076 3150 existimo.

333 3260 568 3272 ———

372 3327 395 3390 ¹)
432 3328 565 3378 Philolaus
591 3342 616 3391 p.
639 3327 666 3375 4:
689 3325 742 3387 „Es
763 3325 836 3373 kann
860 3339 910 3372 nur
927 3324 970 3372 die
988 3324 1161 3386 Uniiohtheit,
1178 3325 1288 3375 niemals
1304 3326 1367 3375 aber
1383 3326 1426 3374 die

336 3420 478 3469 Aechtheit
495 3419 567 3467 einer
586 3417 686 3466 Schrift
703 3415 884 3477 iiberzeugcnd
902 3415 1026 3463 erwieeen
1044 3414 1173 3463 werden.’‘

370 3508 390 3573 ¹)
426 3510 458 3557 In
477 3508 624 3558 tractandis
636 3505 875 3555 declamationibus
884 3504 954 3552 viam
963 3508 1068 3553 secutus
1078 3519 1143 3564 sum,
1160 3519 1239 3566 quam
1248 3507 1427 3568 praemunivit

337 3614 363 3648 v.
380 3600 413 3648 cl.
435 3600 515 3647 Blass.
533 3598 607 3647 cuius
624 3597 697 3644 labor
714 3611 744 3643 ac
760 3594 906 3642 iundicium
924 3593 1078 3642 etiamnunc
1094 3594 1222 3656 quaedam
1244 3595 1353 3658 reliquit
1369 3597 1428 3645 aliis

339 3688 547 3750 diligentiusque
557 3686 733 3736 examinanda
745 3688 775 3733 ut
784 3685 839 3748 ipse
848 3684 958 3732 fatetur:
967 3686 1024 3733 Att.
1035 3683 1156 3745 Bcredsk,
1166 3700 1191 3749 p.
1201 3687 1248 3735 337
1257 3689 1284 3733 et
1296 3701 1322 3750 p.
1331 3687 1387 3737 339.
1396 3714 1428 3722 -

343 3776 491 3839 Rationem,
508 3792 561 3838 qua
578 3774 754 3824 examinanda
772 3778 835 3822 sunt
852 3773 917 3822 haec
928 3773 1054 3836 opuscula
1072 3774 1188 3823 Blassius
1204 3776 1306 3839 profert
1318 3776 1429 3839 inprae-

342 3866 447 3914 fatione
464 3865 498 3913 ud
515 3865 626 3929 Antiph.
638 3879 663 3928 p.
675 3862 757 3911 XVII
767 3863 875 3911 :Utrum
885 3866 974 3912 autem
984 3877 1045 3912 vera
1054 3865 1220 3914 Antisthenis
1229 3866 1430 3928 operalegamus

341 3971 374 4005 an
402 3956 436 4004 ab
454 3956 596 4020 impostore
612 3955 702 4016 aliquo
720 3954 796 4002 nobis
813 3953 885 4000 fraus
902 3953 956 4013 fiat,
974 3953 1093 4014 equidem
1110 3953 1260 4016 disceptare
1278 3955 1345 4016 nolo,
1363 3955 1430 4017 diju-

341 4045 535 4107 ‹licandumquo
558 4045 591 4093 iis
611 4045 745 4106 relinquo,
766 4044 811 4105 qui
828 4043 997 4092 Antisthenis
1013 4043 1156 4106 imaginem
1172 4043 1311 4092 intuentes
1326 4057 1431 4108 expres·

343 4150 399 4183 sam
417 4138 489 4183 certa
506 4149 537 4183 ea
555 4148 646 4182 norma
664 4134 704 4181 uti
721 4137 853 4197 poterunt.

374 4222 399 4285 ⁸)
435 4225 515 4273 Doleo
529 4238 582 4272 non
597 4223 685 4272 omnia
698 4238 765 4285 quae
774 4223 808 4270 ad
827 4223 1008 4284 quaestionem
1025 4226 1142 4271 nostram
1156 4223 1317 4286 pertinentia
1325 4223 1368 4271 hic
1376 4223 1432 4271 illic

345 4319 407 4363 sunt
432 4315 554 4378 exposita
574 4314 640 4361 mihi
665 4316 770 4376 praesto
787 4313 869 4360 tuisse
886 4337 919 4347 -
936 4311 1060 4374 pleraque
1077 4327 1110 4361 ox
1127 4312 1198 4361 hisce
1215 4313 1267 4360 iam
1285 4313 1432 4375 attigerunt

344 4403 463 4453 Mueller.
481 4408 506 4452 et
525 4403 608 4452 Blass.
625 4402 653 4450 ll.
