3458 5182
873 339 912 402 90

349 522 457 583 Ulixis
478 524 594 580 merita
616 526 852 580 enumerantur
873 527 904 580 et
924 522 1108 581 laudantur.
1141 521 1247 581 Simul
1268 527 1379 580 auctor
1399 521 1433 579 id

349 629 504 704 consequi
528 628 674 700 videtur,
697 631 734 685 ut
755 629 927 702 praecipue
950 627 1177 702 exempleant
1203 629 1352 702 turpium
1378 631 1434 685 aut

348 734 510 791 bonorum
532 733 808 808 honestorumque
831 736 998 807 proponat.
1020 732 1144 791 Verum
1165 733 1192 790 si
1208 734 1273 790 iam
1288 734 1434 806 primum

348 839 492 912 legentes
524 839 835 897 declamatiunculas
867 840 925 895 vix
946 841 1060 912 potest,
1084 839 1166 914 quin
1188 838 1283 896 nobis
1305 855 1435 912 persua·

348 945 482 1002 deamus
503 963 521 1002 a
542 944 765 1019 philosophia,
788 960 869 1019 quae
892 944 1025 1002 moralis
1048 943 1180 1016 dicitur,
1203 945 1341 1001 minime
1357 944 1434 1002 alie-

348 1068 429 1108 num
461 1050 563 1108 fuisse
590 1053 770 1121 auctorem,
792 1050 833 1107 ad
855 1047 1014 1122 Cynicam
1038 1053 1158 1107 sectam
1180 1051 1434 1125 praesertimque

348 1155 580 1214 Antisthenem
612 1160 741 1214 tantum
773 1172 840 1212 non
873 1154 976 1228 digito
1008 1156 1097 1212 viam
1132 1157 1289 1212 monstrat
1322 1155 1434 1211 iterata

348 1261 453 1319 lectio.
495 1260 613 1321 Ubivis
643 1263 733 1318 enim
765 1264 897 1334 apparet
930 1259 1055 1334 Cynica
1081 1261 1264 1321 disserendi
1289 1278 1326 1319 ac
1348 1262 1433 1334 cogi-

347 1366 438 1423 tandi
460 1368 552 1425 ratio.
595 1365 680 1439 Age,
704 1365 891 1423 videamus!

386 1474 481 1555 ἰσχὺς
496 1471 529 1549 ¹),
542 1488 606 1547 qua
616 1471 775 1544 gloriatur
786 1469 875 1542 Aias,
887 1469 1121 1531 Antisthenem
1130 1473 1232 1530 semel
1245 1474 1430 1548 iterumque

346 1575 495 1655 advertit,
518 1594 617 1653 quam
632 1579 792 1636 rationem
805 1576 922 1634 habeat
932 1594 1008 1634 cum
1025 1574 1151 1664 ἆνδρείρ
1166 1580 1194 1636 11
1207 1578 1372 1652 exposuit,
1394 1583 1437 1663 τῇ

347 1685 495 1768 φρονήσει
527 1684 655 1758 saepius
683 1685 844 1757 opposuit.
886 1681 1215 1768 011111111Ἡρακλῆς
1238 1687 1255 1748 ὁ
1276 1680 1433 1766 pellavi

346 1793 414 1872 περὶ
436 1792 575 1875 ἶσχΰος
598 1794 653 1848 aut
669 1785 830 1877 Ἡρακλῆς
843 1786 861 1864 ἢ
873 1794 941 1875 περὶ
955 1787 1170 1876 φρονήσεωςῆ
1191 1792 1345 1875 ἰσχύος,
1361 1787 1431 1847 des·

346 1894 484 1952 cribitur
506 1894 695 1953 Alcibiades
719 1893 854 1964 (Athen.
873 1893 952 1951 XII.
976 1911 1005 1968 p.
1027 1891 1087 1952 534
1107 1892 1157 1972 C.)
1180 1895 1358 1981 ἰσχυρὸς,
1382 1891 1433 1957 ἆν-

346 1995 488 2085 δρώδης,
519 1999 682 2088 τολμηρός
708 2005 740 2059 11
766 2000 866 2059 simul
895 1998 998 2075 (quod
1022 2016 1089 2056 non
1111 2002 1159 2056 est
1180 1999 1431 2076 negligendum)

345 2100 542 2181 ἀπαίδευτος.
587 2104 651 2164 Sed
692 2123 768 2164 cave
811 2113 904 2181 putes
946 2105 1180 2164 Antisthenem
1222 2110 1431 2164 contemnere

344 2214 593 2298 1111111ῖσχὺν
616 2212 859 2288 qualiscunque
881 2215 938 2270 est.
981 2210 1150 2287 Tanquam
1172 2211 1290 2269 ludens
1308 2212 1341 2267 in
1359 2212 1430 2285 ipso

343 2314 467 2374 roboris
499 2318 633 2375 nomine
666 2317 830 2391 praedicat
862 2319 919 2391 τὴν
953 2313 1003 2381 διὰ
1035 2320 1099 2380 τῶν
1133 2316 1236 2402 ’ἔργων
1269 2312 1430 2389 ἀπόδειξιν

345 2422 603 2508 ἰσχυροτέραν
625 2423 731 2498 πάσης
754 2431 810 2498 τῆς
833 2418 882 2487 διὰ
904 2421 1016 2506 λόγων
1036 2420 1224 2507 ἀντιλογίας·
1248 2420 1365 2497 (801101.
1388 2421 1427 2480 ad

344 2526 477 2587 Aristot.
500 2545 530 2603 p.
552 2528 835 2605 2211111111111),
857 2529 1015 2585 virtutem
1038 2527 1123 2585 nihil
1146 2528 1295 2601 indigere
1318 2531 1365 2593 ὅτι
1386 2529 1428 2609 μὴ

346 2640 542 2719 Σωκρατικῆς
568 2638 718 2721 ἰσχύος.
768 2634 850 2693 Ecce
872 2634 983 2693 laudat
1005 2638 1036 2692 et
1058 2634 1187 2692 extollit
1207 2635 1263 2709 τὴν
1288 2640 1344 2698 τοῦ
1371 2641 1428 2699 voi

344 2739 477 2825 ἰσχύν)
499 2738 703 2798 Consensum
718 2741 858 2799 fratrum
879 2741 1001 2815 παντὸς
1022 2742 1149 2826 τείχους
1170 2742 1429 2829 ἰσχυρότερον

343 2842 438 2914 rivom
474 2846 520 2904 sic
555 2847 590 2903 in
623 2850 733 2905 nostra
763 2846 1059 2905 declamatiuncula
1092 2846 1241 2905 consulto
1276 2849 1362 2905 inter
1394 2865 1428 2907 se

343 2955 554 3024 opponuntur
575 2953 626 3009 vis
647 2953 751 3010 animi
773 2969 809 3010 ac
829 2953 928 3011 robur
947 2953 1091 3026 corporis
1110 2951 1168 3010 od.
1185 2950 1240 3011 13:
1264 2949 1342 3019 διότι
1363 2955 1426 3040 γὰρ

341 3058 508 3142 ἰσχυρὸς
524 3056 563 3129 εἷ,
584 3057 640 3122 οἴει
662 3063 709 3122 καὶ
727 3053 872 3143 ἀνδρεῖος
890 3056 980 3130 εἶναι,
1004 3063 1051 3122 καὶ
1073 3060 1130 3122 οὐκ
1152 3057 1249 3123 οἶσθα
1271 3063 1318 3125 ὅτι
1331 3065 1427 3147 σοφίᾳ

341 3166 409 3249 περὶ
432 3160 573 3246 πόλεμον
595 3166 644 3226 καὶ
666 3160 792 3247 ἀνδρείᾳ
814 3165 852 3228 οὐ
874 3163 991 3228 τᾶυτόυ
1013 3166 1097 3228 ἐστιν
1116 3167 1286 3250 ἰσχῦσαι,
1309 3165 1427 3247 ἀμαθία

343 3262 373 3332 δὲ
394 3268 490 3332 κακὸν
510 3271 659 3353 μέγιστον
680 3278 749 3344 τοῖς
772 3269 912 3356 ἔχουσιν·

382 3376 478 3458 ἰσχὺς
508 3373 602 3431 Aiaci
636 3374 711 3433 fons
743 3385 798 3450 τῆς
828 3372 972 3463 ἀνδρείας
997 3377 1127 3437 videtur
1148 3412 1189 3420 —
1211 3379 1292 3454 quid
1316 3383 1427 3438 contra

341 3478 458 3538 Ulixi?

356 3608 359 3614 ·
383 3585 438 3642 Illi
464 3586 581 3644 tribuit
602 3604 765 3646 summam
787 3589 1009 3662 sapientiae
1031 3587 1163 3646 laudem
1185 3591 1311 3661 auctor,
1334 3588 1425 3648 illius

342 3692 513 3764 ingenium
534 3692 579 3749 ila
599 3692 742 3765 extollit,
756 3698 792 3750 ut
806 3692 918 3752 Aiacis
937 3710 1073 3768 persona
1092 3693 1264 3767 splendore
1281 3695 1426 3767 praedita

341 3813 472 3870 prorsus
493 3797 693 3855 obscuretur.
708 3831 722 3843 »·
736 3797 867 3856 Etenim
889 3798 967 3857 Aias
989 3801 1042 3855 vir
1061 3798 1202 3870 nobilis,
1225 3798 1334 3871 fortis,
1358 3818 1425 3859 non

340 3903 411 3959 iure
433 3901 531 3959 modo
552 3918 641 3959 arma
663 3901 725 3960 sibi
747 3904 903 3977 postulat,
925 3905 1047 3980 quippe
1069 3905 1127 3979 qui
1148 3903 1293 3980 reliquos
1313 3924 1425 3965 omnes

340 4011 412 4083 post
443 4007 587 4066 Achillis
618 4011 757 4065 mortem
779 4014 908 4085 superet
936 4011 1071 4081 virtute,
1104 4009 1161 4067 sed
1193 4010 1425 4084 indignissime

371 4247 391 4312 ¹)
425 4249 458 4310 cf,
475 4249 534 4298 Joel
551 4249 591 4310 ll.,
613 4265 638 4314 p.
657 4253 718 4310 361,
734 4253 794 4311 362,
812 4253 860 4300 363
878 4255 916 4302 nt.
936 4253 958 4300 1.
970 4279 1002 4289 -
1013 4251 1171 4300 Winckclm.
1183 4252 1276 4314 fragm.
1292 4267 1318 4316 p.
1336 4254 1379 4312 35,
1398 4255 1423 4313 43

339 4352 363 4400 p.
382 4339 421 4397 47,
439 4339 464 4396 6;
481 4352 506 4402 p.
524 4341 563 4398 61,
582 4340 621 4390 25.
