3458 5182
833 360 892 424 113

357 546 469 606 Obstat
501 542 590 621 quod
622 542 757 601 moleste
789 561 937 603 caremus
968 543 1104 602 articulo
1136 560 1154 602 a
1186 541 1265 602 Rad.
1296 541 1404 601 deleto

317 652 366 730 (αἱ
388 645 480 716 οὐδὲν
502 644 647 724 εἰδότις);
670 651 782 707 contra
804 647 885 725 quid
907 650 971 708 sibi
994 649 1075 708 velit
1098 647 1174 736 ἄρα,
1203 648 1318 708 docere
1343 666 1402 709 nos

316 757 369 814 vir
390 755 505 814 doctus
526 755 648 813 omisit.

357 859 401 919 id·
443 855 544 925 καίτοι
567 856 722 925 δικαστῶν
742 860 783 943 μὴ
806 857 933 925 εἰδότων
955 865 1031 926 ποία
1053 888 1101 936 τις
1124 860 1163 926 ἄν

280 1022 283 1026 .
357 962 520 1043 (Mutatur
541 967 718 1024 verborum
733 965 827 1038 ordo,
851 966 960 1024 denuo
975 967 1241 1041 monosyllabum
1256 968 1291 1024 in
1311 966 1402 1044 fine.)

444 1069 513 1148 δίκη
535 1075 676 1159 γίνοιτοὶ

360 1179 534 1256 Mutilatur
560 1180 733 1251 sententia,
761 1196 838 1237 nam
867 1178 1016 1253 disjungi
1038 1180 1133 1238 nullo
1155 1178 1252 1238 modo
1270 1182 1405 1254 possunt

317 1286 584 1363 asequentibus‚
616 1302 698 1362 quae
720 1302 834 1344 versus
855 1285 996 1345 formam
1018 1304 1085 1345 non
1116 1286 1315 1345 adsciscunt:
1346 1290 1404 1350 καὶ

317 1397 412 1458 ταῦτα
434 1387 484 1456 διὰ
506 1390 632 1477 λόγων,
655 1393 779 1449 etenim
794 1385 862 1466 δίκη
877 1409 959 1469 quae
972 1393 1082 1452 verbis
1092 1397 1223 1452 tantum
1235 1397 1406 1468 peragetur

316 1516 334 1557 a
349 1497 516 1573 judicibus
531 1497 665 1569 ignaris,
685 1497 725 1554 ab
739 1495 840 1554 Aiace
859 1497 972 1555 acerbe
984 1499 1162 1573 opponitur
1173 1502 1217 1582 τῷ
1229 1499 1404 1584 πράγματι,

317 1605 336 1669 ὃ
357 1606 501 1690 ἐγίγνετο
523 1600 616 1689 ἐ’ργιρ·

357 1710 411 1770 Ai.
434 1707 465 1769 5:
488 1706 575 1793 κᾶγώ
599 1709 700 1782 κακῶς
721 1709 777 1790 μὲν
800 1708 857 1772 οὐκ
879 1705 919 1772 ἂν
940 1706 1122 1794 ἆνσχοίμην
1144 1707 1260 1773 κλύων·

360 1815 508 1874 Mutatur
526 1814 702 1872 verborum
716 1813 813 1883 ordo,
831 1831 1010 1890 perperam,
1025 1832 1102 1873 nam
1117 1819 1172 1898 μὲν
1188 1817 1322 1890 ponitur
1337 1820 1408 1890 post

319 1927 430 1997 κακῶς,
447 1919 535 1997 quod
546 1919 643 1979 debet
654 1921 733 1995 poni
746 1923 818 1995 post
830 1922 901 2007 ἐγώ.
911 1919 990 1978 ‘Sed
1001 1922 1029 1980 si
1042 1923 1078 1978 in
1090 1921 1192 1981 altero
1204 1939 1300 1981 versu
1313 1921 1407 1994 illud,

319 2028 406 2104 quod
429 2027 566 2085 omnino
587 2027 697 2084 omitti
719 2043 787 2085 uon
802 2027 1100 2102 potest‚adiectum
1116 2027 1200 2087 fuit:
1226 2061 1246 2086 υ
1267 2061 1306 2070 -
1327 2063 1348 2090 o
1369 2065 1410 2076 -

318 2167 359 2176 -
380 2131 453 2198 οὐδὲ
476 2133 540 2219 γὰρ
561 2133 699 2219 πάσχων
721 2136 838 2208 κακῶς,
868 2132 949 2208 quid
977 2133 1109 2192 obsecro
1131 2136 1167 2191 in
1189 2137 1287 2194 initio
1308 2136 1409 2197 huius

319 2241 438 2299 senarii
461 2239 573 2297 omisit
592 2242 719 2308 auctor,
742 2237 830 2314 quod
851 2238 959 2297 fuerat
972 2240 1008 2297 in
1019 2239 1203 2314 tragoedia?
1235 2240 1407 2302 Auferte:

318 2346 361 2427 μὰ
382 2346 459 2419 τοὺς
481 2343 680 2418 ἆθανᾶτονςῐ
694 2345 708 2402 l'

360 2451 405 2511 id·
427 2454 445 2515 ὁ
468 2447 500 2515 δὲ
522 2448 592 2515 κ’ἂν
614 2450 822 2537 κρεμάμενος,
846 2448 870 2516 εἴ
890 2478 919 2515 τι
941 2447 1112 2537 κερδαίνειν
1138 2449 1218 2538 ἔχοι·

361 2557 402 2614 Ια
423 2555 589 2633 plerisque
612 2555 781 2615 codicibus
803 2555 828 2620 εἴ
849 2583 885 2643 γε
900 2553 1070 2643 κερδαίνειν
1084 2585 1111 2622 τι
1125 2557 1248 2641 μέλλοι.
1282 2559 1412 2620 Usener

320 2664 465 2738 reposuit
488 2660 566 2747 ἔχοι.
589 2659 714 2720 Verum
726 2689 761 2747 γε
774 2662 809 2719 in
821 2679 917 2720 versu
930 2679 997 2720 non
1009 2666 1097 2721 recte
1109 2666 1287 2736 omittitur;
1299 2667 1409 2742 requi-

320 2766 422 2826 rimus
444 2769 535 2825 enim
558 2766 604 2840 „si
625 2763 761 2826 saltem'’
783 2764 853 2825 s'ive
875 2767 1105 2840 „dummodo”
1128 2770 1153 2834 εἴ
1173 2798 1220 2857 7⁶·

360 2874 570 2960 κρεμάμενοςι
599 2871 755 2948 suspendi
779 2889 812 2931 se
834 2874 988 2948 patiatur;
1010 2873 1130 2933 licetne
1152 2878 1273 2950 tragico
1296 2878 1409 2935 incon-

321 2979 390 3036 dita
411 2980 472 3037 hac
493 2995 572 3037 voce
595 2980 640 3036 ita
661 2979 735 3037 uti?

361 3083 415 3144 At.
437 3082 468 3144 6:
490 3117 529 3128 -
549 3083 630 3159 ἰ’σως
652 3079 684 3148 δὲ
706 3088 753 3148 καὶ
776 3087 874 3150 πείσει
896 3084 1015 3172 λέγων,

403 3192 447 3266 ὡς
469 3189 500 3255 εὖ
522 3193 702 3277 πέπρακται.
737 3188 813 3276 κᾷτα
836 3195 900 3255 τῶν
923 3190 1104 3277 Ἀχιλλέως

402 3295 516 3361 ὅπλων
534 3293 591 3361 ’ὅδ’
612 3293 766 3383 ἶρόσνλος
788 3292 871 3369 &Emi
892 3305 1035 3381 κρατεῐν;

360 3402 502 3461 Pulchre
524 3400 685 3459 reconditi
705 3416 826 3472 versus,
849 3401 974 3476 opinor,
997 3407 1116 3481 cuique
1133 3406 1319 3481 placebunt.
1349 3404 1407 3464 Le·

319 3509 474 3567 vissimae
495 3510 573 3565 sunt
593 3507 801 3566 mutationes.

360 3613 414 3672 Αἱ.
437 3609 498 3691 7181
520 3613 604 3699 πρὸς
626 3609 723 3698 ’ἔργον
747 3614 843 3699 ἰσχὺν
865 3611 1013 3698 οὐδεμίαν
1035 3615 1098 3703 ἕχει
1120 3617 1225 3704 λόγος

401 3715 564 3783 οὐδ”ἕστιν
585 3717 666 3800 ὑμᾶς
688 3713 751 3788 δ’,τι
772 3716 877 3804 λέγων
900 3718 982 3806 ἁνὴρ
1009 3718 1114 3798 (ὅδε)

400 3821 603 3910 ἐπωφελήσει·

361 3930 471 3989 Prima
497 3929 658 3989 sententia
685 3929 850 4004 proverbii
878 3930 982 3989 instar
1007 3932 1193 4007 cuicunque
1215 3934 1251 3991 in
1273 3951 1327 3991 ore
1349 3938 1406 3994 est.

322 4032 389 4094 Cur
416 4037 519 4110 igitur
544 4052 585 4094 ex
606 4033 772 4109 tragoedia
793 4036 1003 4110 potissimum
1024 4038 1222 4095 sententiam
1244 4039 1407 4099 eiusmodi

320 4144 492 4217 petamus?
515 4137 582 4214 ὅδε,
604 4139 693 4218 quod
708 4140 798 4200 deest
813 4142 850 4198 in
866 4144 969 4214 textu,
991 4140 1070 4200 Rad.
1085 4159 1144 4201 suo
1161 4141 1264 4202 Marte
1278 4144 1408 4204 addidit

320 4251 447 4322 praeter
457 4248 693 4317 necessitatem,
705 4264 782 4304 nam
793 4245 915 4306 sufficit
925 4246 967 4305 ad
976 4249 1170 4306 sententiam
1185 4248 1275 4334 ἆυὴρς
1285 4251 1408 4311 scimus

321 4352 410 4411 idem
423 4351 569 4428 profecto
581 4351 623 4411 ad
636 4352 767 4428 qualem
776 4354 888 4410 virum
899 4352 1015 4411 haecce
1024 4352 1136 4412 Aiacis
1145 4354 1244 4413 verba
1253 4361 1408 4431 spectent.

1268 4458 1287 4522 8
