3458 5182
957 381 998 444 34

435 564 486 624 Ex
517 565 614 624 hacce
645 562 835 640 opinionum
858 562 1029 622 concordia
1051 563 1186 624 tortasse
1209 564 1384 640 conjectari
1414 563 1524 624 licebit

434 670 640 731 Antisthenis
683 669 782 728 libros
817 672 888 756 περὶ
928 675 985 734 τοῦ
1022 669 1213 743 ἀποθανεῖν,
1256 675 1326 758 περὶ
1360 669 1444 746 ζωῆς
1476 676 1524 734 καὶ

434 779 584 850 θανάτου,
605 779 675 864 περὶ
697 779 761 840 τῶν
787 777 820 840 ἐν
841 771 922 861 ᾅδου
944 774 1113 833 materiem
1136 795 1207 834 eam
1228 781 1379 836 tractasse
1400 774 1524 834 ratione

434 901 453 940 a
475 879 602 940 Prodici
626 880 751 956 placitis
778 900 845 940 non
871 880 969 940 nimis
994 881 1192 942 abhorrenti.
1220 883 1245 959 ¹)

597 1090 666 1155 DE
695 1091 887 1157 HIPPIA
920 1092 984 1157 ET
1015 1091 1361 1160 ANTISTHENE.

477 1303 592 1362 Paucis
621 1321 750 1381 quoque
783 1305 1058 1378 demonstremus,
1084 1323 1243 1382 quosnam
1266 1305 1393 1364 fructus
1415 1303 1525 1363 Antis-

434 1411 549 1469 thenes
581 1428 622 1468 ex
654 1408 793 1485 Hippiae
827 1410 1062 1469 consuetudine
1095 1410 1283 1487 perceperit.
1338 1411 1524 1486 Xenophon

434 1515 468 1574 in
492 1514 663 1591 Symposio
685 1516 719 1574 ll.
742 1521 879 1575 testatur
900 1516 1132 1575 Antisthenem
1152 1517 1241 1576 hunc
1257 1534 1386 1593 quoque
1402 1515 1525 1592 sophis-

434 1627 501 1681 tam
534 1622 778 1689 commendasse
811 1621 940 1682 Oalliae.
994 1622 1123 1681 Nomen
1156 1625 1227 1682 eius
1260 1622 1524 1695 celeberrimum,

434 1726 631 1810 πολυμάθεια
667 1728 819 1788 omnibus
856 1733 932 1787 nota
967 1733 1053 1798 erat;
1094 1728 1156 1787 hoc
1191 1733 1300 1787 autem
1336 1728 1525 1804 praesertim

434 1831 584 1909 aequales
606 1833 848 1892 admirabantur
870 1838 901 1892 et
923 1834 1109 1907 laudabant,
1132 1851 1230 1909 quam
1253 1839 1326 1908 apte
1349 1835 1389 1891 de
1412 1831 1525 1909 quavis

434 1955 468 1995 re
500 1936 583 1996 nihil
611 1937 785 1997 meditatus
807 1943 994 2014 extempore
1021 1937 1205 1997 concionari
1227 1943 1343 2014 posset.
1385 1939 1523 2010 Verum,

435 2043 583 2120 quamvis
616 2043 716 2102 fuerit
748 2045 925 2118 facundus,
954 2064 1020 2103 non
1042 2050 1152 2103 tamen
1175 2044 1248 2103 idco
1269 2043 1441 2104 artificiosa
1462 2062 1525 2103 ser·

434 2149 539 2209 monis
559 2150 615 2209 illa
636 2151 751 2223 forma,
773 2151 1036 2227 ornamentisque
1059 2150 1237 2228 exquisitis,
1260 2169 1341 2227 quae
1363 2148 1525 2209 adamavit

434 2254 576 2328 Gorgias,
600 2255 753 2331 Hippiam
776 2256 972 2314 delectatum
995 2274 1063 2316 esse
1086 2275 1225 2333 usquam
1245 2261 1387 2332 apparet.
1410 2254 1525 2331 Neque

435 2358 549 2420 studiis
581 2359 799 2433 grammaticis
813 2360 840 2436 2)
873 2365 1010 2433 tantam,
1044 2366 1200 2437 quantam
1223 2359 1354 2434 Gorgias
1377 2360 1526 2433 Protago-

435 2484 525 2525 rasve
558 2483 689 2540 operam
720 2465 858 2524 navavit.
903 2464 1003 2525 Stilus
1046 2465 1115 2525 eius
1155 2484 1369 2542 quamquam,
1412 2483 1526 2531 secun-

435 2572 515 2629 dum
556 2570 789 2629 Philostratum
833 2569 912 2646 (Vit.
957 2569 1055 2645 Soph.
1090 2570 1115 2629 Ι.
1147 2568 1225 2648 ti),
1265 2569 1398 2645 poeticis
1437 2570 1525 2629 haud

434 2679 536 2736 nimis
563 2681 695 2735 ornatus
722 2681 802 2748 erat,
835 2676 1016 2736 abundasse
1043 2682 1153 2735 tamon
1175 2678 1308 2735 videtur
1328 2673 1526 2750 metaphoris

435 2787 467 2841 et
490 2779 792 2858 comparationibus.
809 2782 836 2857 ³)

476 2887 680 2965 Quamquam
711 2887 746 2946 in
779 2886 932 2946 omnibus
964 2887 1033 2946 iere
1055 2886 1250 2963 disciplinis,
1273 2886 1525 2959 mathematicis,

435 2993 667 3066 astronomicis,
689 2991 917 3066 grammaticis,
942 2991 1190 3067 archaeologicis
1212 2993 1313 3067 magis
1336 2993 1525 3053 excelluisse

435 3097 565 3157 videtur
586 3117 684 3175 quam
707 3097 742 3156 in
764 3097 1010 3174 philosophicis,
1031 3104 1142 3158 tamen
1163 3097 1199 3157 in
1221 3097 1335 3158 ethicis
1357 3099 1525 3175 praecipue

436 3221 599 3263 summam
631 3204 754 3262 famam
788 3209 834 3262 cst
867 3204 1012 3278 adeptus.
1065 3203 1190 3278 Legum
1223 3204 1312 3264 enim
1345 3204 1526 3264 auctoritati

436 3308 561 3384 primus
582 3309 689 3384 palam
711 3309 882 3367 oblocutus
902 3314 949 3368 est
965 3310 1024 3367 hac
1039 3309 1263 3369 enuntiatione
1276 3334 1282 3370 :
1295 3309 1321 3389 ⁴)
1339 3306 1400 3377 ὅδὲ
1414 3313 1525 3394 νόμος,

436 3418 595 3500 τύραννος
628 3415 673 3480 ὢν
696 3419 759 3480 τῶν
783 3414 981 3502 ἀνθρώπων,
1003 3415 1111 3481 πολλὰ
1138 3420 1224 3507 παρὰ
1250 3425 1345 3506 φύσιν
1367 3415 1525 3494 βιάζεται,

469 3679 492 3743 ¹)
526 3682 560 3731 ci.
578 3681 704 3731 Welcker.
723 3681 816 3744 Opusc.
835 3682 876 3741 II,
895 3697 920 3745 p.
938 3684 993 3740 510,
1011 3683 1067 3730 486.

468 3770 492 3832 ²)
528 3770 717 3818 Peritissimum
728 3770 758 3816 in
769 3770 839 3818 hisce
851 3771 930 3818 fuisse
949 3785 1008 3818 eum
1021 3774 1131 3834 apparot
1140 3785 1172 3819 ex
1183 3771 1263 3834 Hipp.
1275 3770 1338 3819 mai:
1351 3787 1376 3835 p.
1385 3773 1433 3820 285
1447 3771 1485 3820 O.:
1493 3797 1527 3807 —

438 3861 493 3925 περὶ
511 3878 536 3910 τε
554 3859 711 3926 γραμμάτων
728 3858 856 3923 δυνάμεως
874 3859 915 3907 καὶ
934 3858 1074 3921 συλλαβῶν
1093 3877 1133 3908 και
1149 3858 1255 3925 ῥυθμῶν
1272 3878 1314 3909 και
1333 3858 1471 3925 ἁρμονιῶν.

469 3949 494 4012 ³)
528 3951 610 3998 Blass.
629 3950 650 4008 I,
667 3965 693 4014 p.
711 3951 750 3998 33.
785 3949 943 4013 Exemplum
961 3949 1017 3998 cius
1037 3949 1093 3998 stili
1112 3949 1188 3997 Plato
1205 3949 1312 4010 reliquit
1328 3950 1357 3997 in
1375 3951 1525 4012 Protagora,

438 4056 463 4105 p.
480 4043 528 4089 337
548 4040 575 4089 Ο.
592 4067 625 4076 -
643 4041 690 4089 338
708 4041 754 4089 Α.;
777 4055 829 4102 quo
849 4040 897 4087 hae
915 4041 1085 4103 metaphorae
1103 4039 1285 4086 inveniuntur:
1304 4039 1381 4104 νόμος
1398 4039 1526 4105 τύραννος

438 4130 585 4190 hominum;
604 4131 724 4178 Athenae
735 4132 888 4193 πρυτανεῖον
900 4131 945 4188 τῆς
955 4129 1054 4193 σοφίας,
1063 4155 1095 4164 -
1108 4128 1202 4192 ἐφεῖναι
1210 4129 1252 4177 καὶ
1264 4128 1377 4192 χαλάσαι
1389 4131 1437 4188 τὰς
1449 4129 1525 4190 ἡνίας

438 4225 493 4279 τοῖς
508 4220 596 4284 λόγοις
615 4219 743 4280 (habenas
760 4216 1065 4282 orationis),-prdyuv
1084 4215 1119 4274 εἰς
1136 4218 1164 4266 τὸ
1183 4215 1296 4282 πέλαγος
1314 4223 1365 4268 τῶν
1381 4219 1467 4285 λόγων
1475 4223 1526 4268 cet.

438 4309 472 4358 cf.
490 4309 596 4357 Norden
613 4307 654 4367 ll.,
672 4308 702 4354 72
721 4320 757 4367 sq.

471 4398 494 4461 ⁴)
530 4397 595 4446 Plat.
615 4397 731 4458 Protag,
749 4411 774 4459 p.
792 4397 839 4444 337
859 4397 888 4445 D.
