3458 5182
843 385 882 449 53

318 567 402 627 vitae
429 567 623 628 cottidianae
649 586 741 630 casus
769 565 1014 640 describuntur,
1031 567 1057 646 ¹)
1080 566 1184 642 rixae,
1206 571 1333 643 caedes,
1355 589 1406 633 res

318 673 352 732 vi
363 677 396 733 et
409 674 507 734 armis
518 673 552 733 in
566 674 668 734 Iliade
679 678 787 749 gestae
797 675 906 733 locum
919 678 1204 735 commutaverunt
1216 675 1251 735 in
1263 676 1407 753 Odyssea

319 796 395 838 cum
416 778 501 838 vitae
522 780 717 858 plerumque
739 780 880 855 placatae
904 784 936 838 et
956 776 1084 857 quietae
1111 779 1339 855 affectionibus
1360 782 1407 843 vi-

318 883 642 963 cissitudinibusque,
670 883 827 962 denique,
854 902 957 962 quum
977 883 1178 945 immortales
1202 887 1407 962 potissimum

319 994 425 1066 partes
467 995 565 1065 agant
602 988 637 1050 in
684 989 800 1060 Iliade,
833 989 887 1050 hic
919 989 1047 1067 saepius
1078 996 1185 1067 partes
1216 992 1408 1054 mortalibus

319 1095 519 1156 tribuuntur.

441 1200 491 1263 46·
512 1236 553 1246 -
573 1206 643 1290 περὶ
668 1199 864 1278 Ὀδυσσείας.
891 1235 932 1245 -

361 1307 486 1368 Laudat
499 1307 564 1368 iam
577 1306 783 1383 Phrynichus
791 1306 819 1385 ²)
833 1307 924 1367 hunc
932 1306 1066 1367 librum.
1090 1307 1140 1367 Ita
1151 1314 1187 1368 ut
1198 1308 1233 1368 in
1248 1328 1343 1386 opere
1355 1309 1408 1371 41:

322 1419 388 1503 περὶ
423 1413 563 1501 Ὀμήρου
595 1415 635 1473 de
667 1417 735 1473 arte
767 1431 804 1473 ac
833 1411 964 1487 ingenio
987 1412 1123 1472 Homeri
1146 1414 1297 1475 universe
1319 1434 1408 1491 prae·

319 1523 407 1581 fatus
439 1538 508 1580 esse
532 1519 676 1593 videtur,
706 1518 751 1580 sic
773 1520 835 1579 hoc
857 1520 1052 1595 opusculum
1075 1519 1285 1595 praefationis
1307 1521 1409 1582 instar

320 1625 421 1687 fuisse
452 1624 607 1698 dixerim,
639 1642 704 1703 qua
735 1626 776 1685 ds
807 1624 970 1701 Odysseae
1001 1624 1226 1686 aestimatione
1252 1631 1284 1687 et
1308 1627 1409 1704 expli·
1476 1684 1483 1699 ,

320 1731 446 1793 catione
467 1730 577 1805 egerit.

442 1835 492 1897 47.
513 1870 554 1880 -
575 1841 643 1925 περὶ
664 1845 721 1913 τῆς
741 1832 881 1923 ῥάβδου·
903 1869 944 1879 -·

362 1942 491 2004 Titulus
520 1962 538 2003 a
569 1944 782 2003 Ducmmlero
804 1961 903 2021 quam
924 1941 1175 2003 accuratissume
1197 1943 1411 2020 examinatus,

322 2047 515 2107 difficillime
548 2049 747 2124 explicatum
781 2048 877 2107 dabat
912 2047 1044 2125 quidem
1076 2047 1271 2110 Ambrosius
1303 2050 1411 2110 lectio·

322 2173 418 2215 nem:
439 2159 509 2243 περὶ
531 2165 586 2230 τῆς
606 2151 736 2242 ῥάβδου
758 2155 900 2230 Ἀθηνᾶς
922 2154 1085 2230 expletam
1107 2173 1125 2213 s
1146 2154 1295 2233 sequenti
1316 2156 1412 2218 titulo

316 2260 437 2335 ‘Aenus
459 2259 478 2334 ἢ
499 2265 569 2347 περὶ
590 2261 794 2347 Τηλεμάχου,
817 2260 874 2319 sed
897 2259 1129 2319 Duemmlerus
1144 2261 1286 2321 ostendit
1297 2264 1338 2322 de
1349 2264 1411 2324 hoc

321 2364 417 2425 titulo
440 2364 581 2425 dubitari
602 2383 670 2424 non
691 2382 792 2441 posse.
807 2365 834 2444 8)

364 2469 546 2529 Difficultas
581 2468 806 2546 explicationis
841 2488 878 2528 eo
914 2469 1033 2545 oritur,
1069 2474 1158 2549 quod
1189 2472 1314 2549 virgam
1346 2493 1413 2534 non

322 2574 465 2635 tribuere
497 2593 670 2651 possumus
702 2579 807 2634 certae
829 2593 1003 2650 personae:
1026 2582 1081 2636 aut
1103 2575 1230 2653 (lircae,
1252 2585 1308 2639 aut
1330 2579 1414 2640 Mer·

323 2680 422 2754 curii,
444 2686 499 2740 aut
522 2680 690 2741 Minervae
711 2680 774 2740 dici
789 2685 903 2756 potest.
918 2681 946 2760 4)
978 2681 1158 2745 Muellerus
1173 2687 1315 2761 praefert
1330 2684 1413 2744 Mer-

214 2817 216 2821 ·
323 2786 404 2847 curii
426 2786 567 2861 virgam,
591 2787 756 2864 Ohappuis
778 2786 903 2861 Circae,
925 2788 1034 2849 minus
1055 2794 1142 2849 recte
1163 2791 1316 2865 fortasse,
1338 2791 1415 2870 quia

323 2893 364 2951 dc
394 2892 485 2952 Circe
518 2895 676 2969 peculiari
702 2894 801 2966 libr0,
836 2909 954 2970 nempe
983 2892 1053 2954 530:
1084 2901 1151 2983 περὶ
1180 2900 1312 2985 Κίρκης,
1348 2900 1432 2988 egit

322 2997 550 3069 Antisthenes;
572 3003 732 3072 ceterum,
749 3003 786 3057 ut
802 2999 837 3056 in
853 3018 887 3058 re
903 3001 1135 3074 incertissima,
1147 3006 1251 3062 tacere
1266 3011 1414 3080 praestat.

443 3102 494 3165 48.
515 3139 555 3148 -
575 3105 696 3180 Ἀθηνᾶ
719 3104 738 3180 ἢ
761 3110 830 3194 περὶ
853 3103 1051 3192 Τηλεμάχου.
1073 3141 1113 3150 -

363 3209 686 3276 Haeremusdenuo.
708 3209 874 3287 Ohappuis
896 3210 1064 3270 contendit
1087 3231 1146 3273 nos
1162 3215 1277 3273 docere
1293 3214 1415 3292 aliquid

323 3318 364 3376 de
398 3318 461 3378 hoc
496 3317 579 3377 libro
615 3315 763 3377 scholion
795 3315 1002 3376 Antisthenis
1034 3318 1075 3376 ad
1109 3318 1201 3378 Iliad.
1234 3319 1304 3379 XV.
1338 3319 1416 3394 1232

323 3421 348 3487 εἴ
368 3451 397 3488 τι
419 3424 546 3512 πράττει
568 3425 586 3487 ὁ
610 3423 729 3508 σοφὸς,
752 3422 827 3487 κατὰ
850 3425 957 3488 πᾶσαν
980 3421 1092 3507 ἀρετὴν
1114 3425 1241 3510 ἐνεργεῖ,
1264 3427 1308 3501 ὡς
1330 3430 1416 3503 καὶὴ

322 3527 443 3604 Ἀθηνᾶ
474 3531 595 3617 τριχῶς
627 3533 769 3593 νουθετεῖ
799 3528 856 3592 τὸν
883 3525 996 3615 Ἄρην·
1036 3526 1146 3587 Dubia
1172 3530 1251 3589 haec
1273 3534 1416 3607 suspicio

356 3779 380 3844 ¹)
406 3781 442 3830 of.
467 3782 548 3830 Δ11101.
574 3781 652 3830 Rhet.
680 3781 731 3830 III.
756 3782 782 3830 3:
809 3782 858 3841 τὴν
882 3780 1045 3843 Ὀδύσσειαν,
1073 3781 1156 3831 καλὸν
1173 3781 1340 3845 ἀνθρωπίνου
1356 3781 1418 3843 βίου

321 3871 474 3934 κάτοπτρον.
492 3871 571 3921 -01,
590 3871 743 3934 Bernhardy
761 3871 805 3920 Gr.
823 3871 889 3920 Litt.
908 3871 1001 3920 Gesch.
1020 3872 1056 3922 II.
1073 3886 1099 3935 p.
1117 3873 1159 3920 64:
1177 3886 1224 3920 aus
1240 3872 1287 3921 der
1303 3872 1418 3934 Odyssea

322 3963 421 4010 konnto
438 3976 499 4009 man
516 3962 571 4010 fast
587 3961 763 4010 unmittelbar
780 3961 851 4009 bloss
868 3961 927 4010 eine
945 3960 1052 4010 Summe
1063 3961 1236 4026 protracta·
1253 3962 1342 4010 Moral
1359 3966 1416 4010 ent-

323 4051 443 4100 wickeln.
459 4079 492 4086 -

355 4139 379 4203 ²)
399 4140 475 4192 Phot.
494 4141 562 4189 Bibl.
580 4156 605 4205 p.
626 4142 670 4189 101
691 4142 728 4202 B.,
746 4142 761 4188 4
779 4155 817 4204 sq.
834 4167 867 4177 -
884 4141 997 4190 Mueller
1015 4157 1039 4204 p.
1056 4143 1096 4192 28.

357 4227 381 4293 ι)
400 4231 531 4279 Ducmml.
549 4231 579 4279 ll.
596 4246 621 4294 p.
641 4233 679 4281 17.
697 4258 729 4266 -
746 4231 886 4279 Winkelm.
904 4231 932 4280 ll.
950 4246 975 4294 p.
994 4233 1033 4280 14.

358 4319 381 4381 ⁴)
400 4320 447 4370 Od.
465 4320 499 4368 X.
517 4335 555 4368 vs.
573 4321 628 4380 238,
647 4321 702 4381 293,
720 4322 776 4380 319,
794 4322 850 4370 389.
868 4320 963 4382 (Circ.)
982 4321 1029 4370 Od.
1047 4321 1084 4381 V,
1107 4336 1144 4372 vs.
1163 4324 1193 4369 47
1211 4336 1249 4384 sq.
1267 4321 1368 4383 XXIV,
1385 4324 1412 4371 2.

326 4410 357 4461 ll.
375 4409 476 4470 XXIV,
496 4410 542 4457 243
561 4409 666 4473 (Marc.)
686 4409 733 4459 Od.
751 4409 830 4471 XIII,
847 4424 885 4459 vs.
902 4411 958 4461 429.
976 4410 1050 4472 XVI,
1068 4413 1123 4475 172,
1140 4412 1188 4460 476
1206 4411 1308 4476 (Min).
