3458 5182
343 557 390 618 ὅτι
412 550 461 619 διὰ
483 555 521 619 τὰ
543 550 647 629 ὀνείδη
668 555 706 618 τά
729 555 784 638 ἐμὰ
807 552 989 639 σωζόμενος
1008 554 1074 641 οὐχ
1088 553 1158 628 οἷός
1171 583 1203 618 τε
1215 554 1241 618 εἷ
1252 557 1425 624 πείθεσθαι,

343 659 427 724 ἀλλὰ
450 667 498 726 καὶ
519 661 742 747 προσαπειλεῖς
764 663 808 736 ὡς
830 662 924 726 κακὸν
948 656 1075 748 δράσων
1092 688 1119 724 τι
1141 657 1263 731 τούσδε,
1285 660 1339 725 ἐὰν
1361 662 1425 742 ἐμοὶ

342 767 379 829 τὰ
402 767 486 832 ὅπλα
508 769 715 853 ψηφίσωνται.
751 770 813 851 ἐγὼ
836 763 945 839 δὀἶδο,
968 767 1012 843 ὡς
1034 771 1082 832 καὶ
1105 765 1263 840 πολλάκις
1284 794 1320 851 γε
1344 765 1427 831 ἇπει·

344 870 454 948 λήσεις
487 877 534 937 καὶ
564 873 689 944 πολλά,
722 877 799 954 πρὶν
832 877 881 938 καὶ
908 875 1039 960 σμικρόν
1067 901 1094 937 τι
1116 873 1327 959 ἐργάσασθαι·
1351 870 1427 935 ἀλλ’

346 977 428 1065 εἴπερ
456 981 487 1043 ἐκ
514 982 578 1042 τῶν
604 980 730 1042 εἰκότων
758 1008 785 1044 τι
814 979 876 1065 χρὴ
902 980 1133 1064 τεκμαίρεσθαι,
1164 977 1224 1042 ὑπὸ
1251 987 1306 1052 τῆς
1333 986 1427 1052 κακῆς

345 1087 445 1172 ὀργῆς
467 1085 572 1168 οἴομαί
593 1113 627 1150 σε
649 1088 745 1150 κακόν
766 1113 794 1150 τι
816 1087 933 1150 σαυτὸν
953 1086 1153 1172 ἐργάσεσθαι·

386 1195 444 1254 Καὶ
468 1194 532 1275 ἐμοὶ
554 1194 620 1273 μέν,
643 1194 689 1257 ὅτι
712 1190 867 1277 <λάθρη>
882 1194 958 1266 τοὺς
979 1190 1148 1274 πολεμίους
1164 1195 1266 1264 κακῶς
1283 1187 1425 1265 ἐποίησα,

342 1352 464 1414 δράσαντι
475 1351 562 1417 -ἐγὼ
575 1351 653 1403 ὃόἶόα
665 1355 699 1412 ὡς
711 1358 769 1416 post
782 1352 869 1417 φηφίσ.
888 1353 948 1401 add.
966 1352 1007 1411 (λ,
1019 1352 1107 1414 scripe.
1121 1351 1169 1401 Bk.
1182 1366 1231 1402 om.
1247 1351 1306 1402 Rsk.
1318 1356 1344 1399 et
1359 1353 1383 1401 S.
1395 1379 1427 1385 —

342 1459 369 1507 γε
388 1448 445 1505 post
463 1442 588 1501 πολλάκις
606 1458 654 1491 om.
673 1443 700 1490 C.
720 1443 767 1490 Bk.
785 1443 874 1505 scrips.
892 1443 973 1491 Blass.
991 1441 1016 1490 δὲ
1036 1442 1059 1490 S.

374 1533 471 1580 σαυτὸν
488 1532 644 1596 ἐργάσασθαι
663 1533 690 1580 0.
707 1533 733 1581 J.
752 1532 787 1581 il.
805 1532 836 1579 N.
854 1532 901 1591 X.‚
920 1531 968 1580 Bk.
988 1532 1025 1590 b.‚
1043 1531 1194 1595 ἐργάσεσθαι
1213 1531 1301 1594 Steph.
1319 1531 1400 1579 Blass.

375 1621 394 1685 ⁶)
421 1624 480 1678 τοὺς
488 1623 636 1687 πολεμίουςε
645 1622 727 1683 „adde
736 1622 836 1687 adep&
848 1623 929 1670 Blass
937 1622 978 1669 ed.
988 1621 1023 1670 ΙΙ.
1032 1621 1091 1669 -εἷ
1099 1640 1122 1670 τι
1132 1625 1245 1685 φανερῶς
1253 1621 1356 1669 mavult
1366 1621 1426 1681 usk,

341 1712 403 1760 libri
413 1711 492 1761 ὅτι-
501 1710 540 1761 ὅτι
556 1720 620 1760 ante
627 1713 692 1776 μετὰ
701 1687 751 1761 dcl.
771 1713 806 1770 Sa
825 1712 906 1760 Biass.
924 1712 963 1760 ed.
974 1712 1002 1759 II
1015 1711 1135 1758 adnotat:
1146 1710 1210 1759 olim
1221 1710 1237 1770 ἢ
1250 1710 1347 1771 addidi,
1359 1725 1427 1759 com-

342 1807 412 1849 mate
423 1805 481 1863 post
489 1802 575 1865 μάτην
580 1802 672 1865 posito,
679 1805 777 1864 puncto
787 1808 845 1864 post
854 1802 930 1860 ἦσθα,
939 1801 1063 1862 interrog.
1070 1799 1152 1861 signis
1161 1805 1220 1863 post
1230 1802 1294 1850 sivan
1301 1804 1328 1848 ct
1336 1800 1426 1864 λὲγεις.

341 1918 374 1925 -
383 1890 570 1955 τοῦτ’ἕόρασας
585 1892 613 1941 O.
631 1892 699 1950 ask„
712 1893 760 1941 Bk.
771 1893 848 1940 τοῦτο
857 1889 954 1954 δράσας
965 1890 990 1938 J.
1003 1890 1039 1938 M.
1052 1889 1084 1938 N.
1096 1890 1131 1938 X.
1143 1889 1176 1949 b.‚
1188 1904 1231 1938 ree
1243 1889 1276 1949 S„
1288 1891 1333 1940 οἴει
1345 1890 1428 1954 τούτῳ

347 2111 467 2158 servilem
484 2111 513 2157 in
530 2110 636 2158 modum
655 2110 747 2159 Ulixes
759 2113 856 2157 tracta-

346 2204 389 2248 tus
405 2200 507 2259 fuerat,
528 2199 590 2249 Rsk.
602 2227 634 2234 —
646 2199 782 2248 πείθεσθαι
799 2212 855 2260 pas·

346 2289 401 2337 sive
417 2288 612 2352 accipiendum,
622 2286 661 2337 ὅτι
670 2287 777 2337 σέσωσαι
785 2287 856 2353 δι’ἑμέ

347 2377 532 2440 explicationis
550 2391 638 2436 eausa,
656 2377 760 2424 addidit
778 2377 839 2425 Rsk.

379 2467 557 2531 προσαπολεῖς
570 2467 700 2515 iudicibus
712 2481 814 2529 nempe,
827 2469 857 2514 ut

346 2556 411 2605 fecit
428 2557 468 2605 Ai.
487 2559 509 2605 8.
529 2584 562 2592 -
578 2556 738 2621 ψηφίσωνται
759 2558 793 2606 of..
816 2558 856 2606 Αἰ.

345 2648 368 2696 8.
392 2675 425 2682 -
450 2645 497 2710 ἐγὼ
526 2645 605 2696 ὅόἶόα
625 2647 659 2704 ὡς
684 2663 700 2695 a
725 2648 856 2710 plerisque

345 2736 490 2784 editoribus
507 2737 641 2798 omissum,
662 2752 722 2784 cum
739 2737 857 2786 Bekkero

344 2826 460 2874 retinere
485 2826 576 2886 velim,
602 2841 663 2873 nam
689 2827 726 2874 sie
746 2827 813 2875 benc
830 2840 856 2874 se

345 2916 425 2963 habet
443 2915 583 2963 sententia.
607 2915 735 2976 „Minaris
751 2905 857 2963 tantum

346 3004 416 3063 Aias,
435 3018 482 3065 ego
499 3008 587 3052 autem
606 3005 671 3052 scio
688 3004 784 3052 teiam
802 3019 857 3053 sae·

347 3093 406 3155 pius
423 3093 508 3141 minas
523 3094 695 3150 iactaturum,
714 3098 856 3155 antequam

345 3182 379 3229 ad
396 3196 437 3230 res
454 3182 616 3245 pervenias.''

377 3269 401 3332 ⁶)
434 3272 499 3320 Jure
522 3273 604 3320 Blass.
626 3272 741 3320 inseruit
761 3271 855 3338 λάθρᾳ,

345 3361 415 3422 quod
450 3365 555 3424 propter
585 3376 694 3424 sequens
725 3362 857 3412 substant.

345 3448 441 3499 δειλίαν
477 3452 504 3498 et
539 3450 627 3499 Aiacis
660 3451 743 3514 ipsius
778 3453 858 3501 verba

348 3540 401 3600 (Αἰ,
419 3541 447 3600 5)
464 3539 612 3600 requiritur.
642 3540 858 3602 Insequentibus

346 3643 409 3676 sana
422 3629 488 3676 mihi
503 3629 607 3677 videtur
621 3629 718 3678 Rciskii
731 3631 858 3679 correctio

347 3720 377 3767 σὺ
385 3717 427 3767 λέἶ
435 3737 468 3776 τι,
478 3723 508 3766 ut
518 3718 627 3767 verbum
637 3719 750 3783 ἐμάχὲιεις
762 3721 858 3769 habeat

347 3808 492 3869 objectum,
510 3808 571 3856 dein
590 3809 674 3870 μάτην
690 3809 857 3858 inserendum

346 3897 857 3961 estantetpdxbar(ci.Eur.Mcd.1030,

347 3986 440 4037 Troad.
467 3989 515 4036 760
539 3993 593 4036 cet.
616 3987 678 4036 huic
700 3989 780 4036 verbo
798 3989 857 4037 ada·

346 4094 422 4139 mant
439 4076 535 4140 addere
553 4092 637 4150 άλλως
655 4109 673 4142 s.
685 4092 785 4156 μάτην)
798 4098 857 4157 post

346 4195 413 4242 quae
430 4181 567 4244 aptissime
586 4183 717 4244 sequitur:
735 4184 784 4232 καὶ
806 4185 857 4247 μά-

347 4288 404 4329 την
423 4269 522 4329 ἠλίθιος
540 4271 615 4330 ἦσθα.
646 4272 711 4319 Tum
728 4286 798 4320 nova
816 4272 857 4319 in·

346 4359 413 4422 cipit
431 4361 580 4408 sententia:
597 4360 612 4419 ὴ
631 4362 687 4421 (an,
699 4361 748 4411 ins.
760 4361 855 4422 Blass.)

914 2106 953 2156 ὅτι
974 2107 1037 2170 μετὰ
1055 2124 1083 2156 π.
1100 2121 1122 2157 c.
1139 2122 1164 2169 q.
1181 2121 1201 2156 s.
1236 2108 1350 2164 Quorum
1366 2124 1423 2158 sen·

914 2212 957 2245 sus
980 2211 1035 2245 csse
1056 2196 1176 2245 videtur:
1199 2197 1273 2258 Mihi,
1297 2200 1366 2260 quod
1383 2215 1423 2249 oc·

914 2287 987 2335 culte
996 2287 1085 2335 hostes
1096 2286 1168 2345 laesi,
1177 2287 1311 2349 ignaviam
1321 2288 1423 2350 objicis3

914 2379 944 2424 tu
961 2380 1052 2424 autem
1061 2375 1184 2436 quoniam
1194 2377 1281 2439 palam
1289 2378 1388 2426 frustra
1397 2383 1424 2428 te

914 2466 1083 2515 excruciabas
1098 2467 1132 2513 ad
1147 2465 1311 2515 efficiendum
1324 2468 1425 2529 aliquid

913 2557 955 2604 vel
965 2555 1062 2604 frustra
1072 2556 1168 2604 stultus
1176 2570 1239 2604 eras.
1250 2558 1291 2603 An
1300 2557 1424 2618 quoniam

915 2661 975 2695 cum
993 2646 1127 2708 (reliquis)
1145 2645 1266 2693 omnibus
1277 2646 1357 2695 hocce
1368 2661 1424 2709 per-

913 2735 1010 2795 fecisti,
1021 2735 1155 2784 fortiorem
1164 2740 1191 2784 te
1200 2750 1256 2784 esse
1265 2737 1357 2799 putas?
1376 2736 1425 2786 Pro

914 2824 1424 2883 dnosrsvstcomninoscribendumride-

913 2918 957 2962 tur
974 2914 1140 2972 άτοκτάνοις.

947 3006 1018 3067 κακῷ
1026 3004 1169 3068 περιπεσών
1181 3024 1217 3069 τῳ
1229 3033 1260 3041 -
1269 3007 1339 3054 utin
1349 3007 1401 3056 fine
1411 3010 1425 3054 5

915 3092 1001 3140 denuo
1025 3092 1116 3141 Ulixes
1133 3093 1267 3155 significat
1283 3094 1423 3143 imminen-

914 3185 969 3230 tcm
988 3183 1063 3230 Aiaci
1080 3183 1196 3241 exitum;
1214 3185 1235 3231 si
1252 3189 1323 3233 reete
1340 3185 1424 3246 video,

914 3273 993 3320 nimis
1020 3275 1119 3321 temere
1148 3273 1231 3322 Biass.
1260 3274 1371 3322 inseruit
1397 3276 1425 3323 in

914 3366 1018 3410 textum
1041 3363 1104 3426 ξίφει
1128 3368 1188 3426 post
1206 3365 1258 3427 τῷε
1284 3378 1361 3412 nemo
1377 3365 1424 3412 du-

915 3450 984 3498 bitat
1009 3451 1042 3500 de
1059 3451 1140 3499 fatali
1156 3456 1249 3513 morte,
1266 3467 1346 3514 quam
1364 3455 1425 3503 Aias

915 3555 961 3588 sua
987 3555 1067 3588 mann
1094 3541 1144 3589 sibi
1168 3542 1313 3603 conscivit;
1332 3543 1427 3593 addere

915 3645 972 3677 eam
998 3631 1084 3693 planis
1110 3632 1197 3680 verbis
1220 3647 1274 3681 non
1297 3648 1361 3697 opus
1378 3637 1426 3684 est.

916 3719 1022 3768 Rectius
1046 3735 1072 3770 se
1098 3721 1206 3770 habebit
1232 3723 1274 3771 hic
1300 3724 1379 3783 locus,
1405 3724 1427 3772 si

915 3825 974 3859 cum
992 3811 1123 3874 plerisque
1140 3813 1298 3863 editoribus:
1310 3817 1389 3879 κακῷ.
1401 3853 1422 3864 ..

916 3919 950 3964 τῳ
959 3901 976 3948 i.
983 3915 1004 3950 e.
1014 3901 1042 3948 in
1050 3902 1148 3950 malum
1157 3903 1296 3964 quoddam,
1306 3904 1427 3966 legimus;

914 4003 993 4050 quam
998 3990 1137 4070 lectionem
1147 3991 1428 4055 ierepraebetcod.N.:

915 4074 1067 4158 περιπεσωτν.
1086 4097 1250 4147 Conferenda
1268 4102 1343 4158 sunt,
1361 4114 1427 4162 quae

913 4189 973 4247 post
1002 4187 1031 4234 in
1056 4187 1200 4237 refutanda
1226 4190 1427 4241 Radermacheri

913 4274 991 4322 huius
1007 4275 1057 4323 loci
1075 4276 1297 4340 interpretatione
1315 4280 1403 4327 attuli.

947 4362 1093 4412 Secundum
1104 4366 1186 4415 Blass.
1196 4366 1236 4416 ed.
1249 4367 1286 4418 II.
1298 4373 1363 4418 ante
1372 4368 1427 4419 οὗθ’
