3458 5182
831 342 890 409 112

316 531 420 603 potest
450 527 567 603 aptar13
593 526 672 586 dein
693 531 786 602 poeta
808 529 958 605 quisquis
980 526 1061 601 fuit,
1083 525 1248 588 adamasse
1270 529 1403 588 videtur

316 634 457 693 inferius
507 633 725 692 iambicorum
775 651 932 694 versuum
980 651 1099 707 genus,
1151 634 1238 710 quod
1277 639 1402 695 constat

316 740 439 811 verbis,
462 757 544 817 quae
566 741 698 814 singula
720 741 846 801 iambos
868 740 1030 814 efficiunt,
1053 747 1108 800 aut
1130 742 1306 801 verborum
1328 758 1402 799 oon-

316 846 544 920 junctionibus
576 848 724 905 numeris
756 847 908 907 iambicis
940 849 1007 905 iam
1038 847 1211 906 adstrictis.
1258 845 1312 905 Sic
1333 847 1402 906 h.l:

316 953 378 1038 ἐγὼ
397 949 401 1032 Ι
419 958 475 1036 μὲν
497 951 555 1017 οὖν
574 949 578 1032 Ι
597 953 669 1038 ὑμῖν
688 950 692 1032 Ι
711 951 807 1039 λέγω.

357 1057 564 1119 Postremum
597 1059 678 1134 quid
710 1059 844 1117 tandem
877 1064 1004 1134 praeter
1034 1056 1159 1145 ῥυθμὸν
1191 1076 1233 1117 cx
1264 1057 1402 1116 fortuito

316 1164 503 1222 iamborum
524 1179 684 1222 concursu
706 1167 816 1222 ortum
838 1163 1037 1222 demonstrat
1058 1163 1153 1223 nobis
1174 1165 1331 1236 tragicam
1353 1164 1403 1219 in-

321 1287 390 1330 esse
423 1271 639 1328 memoriam?
682 1268 776 1340 Quod
798 1271 826 1328 si
848 1287 964 1328 verum
986 1273 1082 1343 esset,
1105 1270 1307 1345 pullularent
1328 1269 1403 1327 reli-

317 1377 412 1451 quiae
437 1377 576 1448 tragicae
602 1375 690 1450 apud
712 1373 983 1447 Demosthenem,
1007 1375 1183 1434 Isocratem
1204 1375 1360 1450 aliosque.
1377 1372 1402 1450 ¹)

358 1480 417 1542 Od.
439 1480 470 1541 ὃς
492 1479 593 1563 κ’ἆμοὶ
614 1485 679 1564 μὲν,
702 1484 749 1547 ὅτι
770 1483 846 1557 τοὺς
867 1479 1040 1563 πολεμίους
1062 1479 1218 1565 (λάθρᾳ)
1240 1483 1353 1554 κακῶς.

358 1586 466 1675 λάθρᾳ
497 1588 637 1646 inseruit
668 1586 768 1645 Blass.
791 1586 834 1645 ef.
856 1586 908 1645 ΑΙ.
931 1583 962 1644 5:
984 1587 1046 1672 ἐγὼ
1068 1581 1100 1650 δὲ
1123 1582 1214 1650 οὐδὲν
1236 1583 1275 1648 ἂν
1297 1583 1403 1668 λάθρᾳ

316 1692 506 1776 τολμήσαιμι
535 1689 652 1779 πρᾶξαι
685 1696 716 1750 ΘΙ
748 1691 807 1751 Od·
840 1689 870 1750 ὅτ
900 1694 1044 1779 φανερῶς
1073 1693 1232 1777 ἐμάχθεις·
1259 1689 1403 1748 EverSU

316 1801 485 1859 recondito
509 1798 588 1858 Rad.
610 1798 777 1857 concludit
798 1803 884 1856 reete
906 1798 1082 1855 inseruisse
1106 1796 1268 1855 Blossium
1289 1813 1404 1854 vocem

319 1903 435 1991 λάθρᾳ.
479 1904 519 1961 ln
550 1903 759 1963 adnotatione
790 1905 925 1978 exposui
959 1900 1064 1991 λάθρᾳ
1096 1919 1164 1963 esse
1191 1900 1405 1962 inserendum

317 2014 448 2088 propter
472 2025 612 2084 sequens
637 2025 752 2066 vocem
777 2002 905 2073 δειλίαν.
948 2007 1085 2067 Etiamsi
1110 2008 1272 2083 praeclare
1294 2005 1405 2065 Aiacis

318 2121 349 2175 et
379 2115 489 2176 Ulixis
521 2114 620 2172 verba
650 2114 856 2186 cohaereant,
878 2119 989 2172 tamen
1011 2113 1108 2172 credo
1129 2130 1196 2171 non
1219 2129 1299 2188 opus
1320 2129 1404 2184 esse,

318 2227 355 2281 ut
376 2237 506 2296 prorsus
528 2219 649 2278 iisdem
670 2219 779 2279 verbis
801 2225 944 2278 utantur.
987 2219 1073 2278 Nam
1094 2222 1121 2279 si
1144 2218 1178 2277 id
1194 2237 1309 2278 verum
1324 2222 1405 2278 esset

318 2346 385 2386 non
417 2325 523 2413 λάθρᾳ
556 2324 664 2385 solum
694 2327 729 2383 in
761 2324 871 2385 Ulixis
901 2325 1024 2398 verbio,
1047 2327 1104 2387 sed
1125 2330 1228 2400 κακῶς
1249 2327 1348 2384 etiam
1370 2326 1405 2382 in

317 2433 429 2492 Aiacis
461 2432 571 2491 verbis
599 2431 789 2490 addendum
821 2438 916 2492 esset:
956 2434 1136 2491 maximam
1168 2434 1238 2490 vim
1270 2449 1337 2490 csse
1369 2433 1405 2488 in

223 2523 225 2527 Ι
319 2540 522 2615 oppositione
551 2543 605 2602 τοῦ
631 2541 733 2611 κακῶς
754 2538 900 2625 πράττειν
922 2536 1051 2616 (ποιεῖν)
1077 2543 1109 2597 et
1131 2542 1232 2613 κακῶς·
1254 2539 1406 2625 πάσχειν,

320 2644 481 2703 minorem
509 2647 620 2702 autem
641 2643 747 2701 multo
768 2642 803 2701 in
825 2642 1024 2719 oppositione
1046 2650 1102 2708 τοῦ
1123 2643 1230 2731 λάθρᾳ
1252 2648 1284 2703 et
1305 2648 1407 2719 κακῶς

319 2749 455 2828 quilibet
491 2748 587 2809 facile
622 2749 747 2822 sentiet,
779 2749 835 2826 qui
868 2749 1037 2827 utriusque
1070 2751 1228 2810 orationes
1261 2756 1406 2809 tenorem

318 2854 526 2916 intellexerit.

363 2963 439 3022 Post
460 2961 557 3021 hosce
579 2978 692 3021 versus
714 2959 866 3036 proponit
887 2960 1030 3036 exempli
1052 2978 1147 3021 causa
1169 2960 1408 3020 Radermacher

321 3066 496 3144 specimina
520 3067 681 3143 quaedam
703 3085 873 3140 versuum,
896 3084 976 3144 quos
991 3066 1055 3126 levi
1070 3066 1250 3125 mutatione
1265 3067 1407 3142 plerum-

322 3192 384 3250 que
417 3172 564 3247 refinxit,
595 3192 794 3251 quamquam
827 3193 893 3233 non
923 3193 1054 3250 prorsus
1082 3193 1118 3232 ca
1141 3173 1208 3250 ipsa
1229 3174 1334 3232 forma
1355 3190 1408 3232 eos

322 3279 401 3339 olim
423 3278 557 3354 scriptos
579 3277 680 3338 fuisse
702 3279 875 3338 affirmans.

362 3388 415 3446 ΑΙ.
438 3387 468 3447 l:
511 3390 596 3472 ὑμεῖς
619 3385 795 3476 δ’άρόιίὃέν
817 3385 933 3463 εἰδότες
955 3385 1098 3463 δικάζετε.
1113 3389 1140 3465 ²)

358 3727 381 3792 1)
416 3729 504 3778 Citare
529 3731 572 3778 hic
596 3729 671 3778 lubet
696 3729 829 3793 exempla,
855 3742 922 3790 quae
938 3727 1032 3776 attulit
1048 3727 1153 3776 Norden
1171 3729 1211 3790 ll.,
1234 3744 1259 3792 p.
1277 3731 1307 3777 54
1326 3733 1364 3779 nt.
1384 3732 1408 3785 l:

323 3820 383 3868 Was
405 3821 454 3868 soll
474 3835 534 3868 man
553 3821 642 3868 feruor
659 3819 744 3867 daven
762 3833 848 3881 sagen,
866 3833 942 3867 wenn
960 3833 1022 3867 man
1040 3819 1082 3866 die
1100 3819 1275 3882 Behauptung
1291 3819 1362 3879 hort,
1379 3819 1408 3866 in

326 3911 378 3959 Cic.
397 3911 428 3958 ‹le
446 3926 482 3958 or,
501 3910 557 3970 ΙΙΙ,
576 3911 623 3957 20:
644 3909 774 3971 complexi
792 3909 851 3971 plus
868 3909 951 3955 multo
969 3908 1047 3956 etiam
1066 3908 1160 3956 vidisse
1177 3909 1313 3966 videntur,
1330 3924 1408 3970 quam

327 4004 455 4061 quantum
477 4003 625 4047 nostrorum
644 3997 809 4058 ingeniorum
827 3996 895 4044 acies
912 3996 1009 4044 intueri
1026 4000 1112 4059 potest
1128 4024 1161 4032 -
1178 3998 1248 4045 scien
1269 3999 1312 4045 ein
1328 3999 1407 4046 hoxa-

324 4095 408 4138 meter
434 4104 465 4150 -Ι-
492 4087 670 4151 pentameterl
694 4087 799 4134 Ebonso
821 4085 962 4134 l'acherlich
984 4085 1020 4133 ist
1040 4099 1081 4146 es,
1101 4099 1177 4134 wenn
1195 4086 1232 4133 als
1251 4086 1409 4137 Hexameter

326 4180 473 4241 augefiihrt
498 4178 563 4226 u'ird
592 4178 646 4228 Cic.
671 4192 710 4239 pr.
736 4176 813 4226 Arch.
830 4179 858 4223 l:
879 4176 906 4223 in
923 4191 975 4237 qua
993 4189 1034 4223 me
1052 4191 1104 4223 non
1122 4177 1227 4224 infiteor
1243 4177 1409 4226 mediocriter

327 4283 382 4316 esse
399 4273 540 4318 versatum.

356 4359 379 4426 ²)
414 4362 509 4411 Confer
526 4362 554 4409 in
571 4362 641 4411 hisce
658 4364 763 4410 textum
780 4360 908 4409 additum.
