3458 5182
846 347 885 408 56

318 528 423 599 potest
443 522 632 584 Antistheni
653 522 714 599 ipsi
729 541 788 584 nos
803 526 964 602 quaedam
978 523 1012 584 in
1028 525 1159 586 scholiis
1173 526 1262 586 hisce
1278 525 1406 600 dehere,

317 632 427 689 tamen
452 630 570 698 multa,
592 629 715 705 opinor,
737 629 928 707 sapientiam
949 632 1234 692 Anthisthenicam
1248 633 1406 692 redolent.

441 736 489 797 51.
510 770 552 780 -·
574 734 715 821 Κύκλωψ
736 736 755 811 ἢ
776 742 847 825 περὶ
868 734 1059 813 Ὀδυσσέως·
1080 772 1122 782 -

360 841 520 902 Referunt
540 839 707 917 (lhappuis
728 846 760 901 et
773 842 952 902 Muellerus
968 843 1008 902 ad
1021 844 1109 902 hunc
1122 845 1246 904 librum
1257 844 1406 904 scholion

317 948 358 1007 ad
380 946 440 1007 Od.
463 946 521 1006 IX·
544 964 590 1007 VS·
617 944 688 1007 525:
711 949 755 1023 ὡς
775 949 833 1012 οὐκ
848 947 1019 1034 ὀφθαλμόν
1033 950 1193 1036 γ’ἶὴσετοι
1208 946 1407 1016 οὖδἜνοσί·

319 1058 412 1143 χθων
434 1056 529 1114 -ad
545 1072 627 1132 quae
645 1055 820 1116 scholiasta
832 1057 981 1134 quidam:
1004 1052 1100 1122 διὰτί
1116 1042 1289 1130 Ὀδυσσέὺς
1304 1054 1407 1129 οὕτως

318 1161 463 1238 ἀνοήτως
495 1164 539 1237 εἷς
572 1164 628 1227 τὸν
662 1158 848 1227 Ποσειδῶνα
880 1160 1087 1248 ὠλιγώρησεν
1119 1163 1233 1225 cludro:
1266 1163 1311 1236 ὡς
1351 1161 1407 1224 οὐκ

318 1270 393 1352 ὀρθ.
416 1285 443 1326 e.
466 1285 497 1344 q,
519 1284 556 1326 s:
578 1267 783 1342 Ἀντισθένης
804 1269 859 1350 μέν
882 1280 957 1352 φησι
980 1263 1029 1330 διὰ
1051 1269 1088 1331 τὸ
1111 1262 1221 1331 εἰδέναι
1236 1269 1284 1331 ὅτι
1300 1267 1406 1340 οὐκῆν

317 1374 424 1457 ἰατρὸς
446 1376 463 1437 ὁ
489 1368 650 1437 Ποσειδῶν
674 1371 747 1437 ἀλλ’
769 1377 787 1438 ὁ
810 1371 994 1438 Ἀπόλλων.
1030 1371 1257 1458 Ἀριστοτέλης
1287 1369 1318 1437 δὲ
1341 1373 1415 1458 οὐχΙ

317 1480 365 1542 ὅτι
386 1479 424 1543 οὐ
447 1474 610 1553 δυνήσεται
631 1476 765 1543 ἀλλ’ὅτι
788 1479 826 1542 οὐ
847 1476 1087 1563 βουληθήσεται
1110 1473 1159 1543 διὰ
1175 1478 1230 1553 τὴν
1246 1481 1404 1566 πονηρίαν

317 1588 374 1647 τοῦ
397 1581 578 1656 Κύκλωπος
592 1583 627 1660 ¹).

359 1688 590 1748 Duemmlerus
612 1689 760 1748 observat
780 1688 917 1748 titulum
939 1694 1088 1749 nostrum
1109 1707 1176 1748 non
1189 1692 1275 1748 recte
1295 1687 1407 1747 aDio-

316 1810 399 1866 gene
415 1793 499 1851 tradi
518 1793 624 1852 videri
640 1811 738 1867 „nam
752 1795 957 1852 nominativo
979 1794 1136 1870 colloquii
1157 1811 1294 1870 persona
1315 1795 1405 1869 prin-

317 1899 432 1974 cipalis
453 1900 531 1976 poni
554 1901 636 1959 solet
657 1904 689 1958 et
704 1918 780 1958 cum
795 1901 1035 1975 praepositione
1049 1905 1118 1988 περὶ
1134 1900 1268 1959 additur
1283 1898 1405 1972 dialogi

317 2005 577 2078 argumentum.”
619 2005 695 2064 Non
721 2006 818 2064 video
846 2010 958 2064 contra
985 2005 1069 2065 hanc
1095 2007 1201 2079 legem
1222 2005 1406 2080 peccariin

319 2114 428 2170 nostro
449 2112 562 2182 titulo,
583 2129 660 2169 nam
683 2110 771 2168 nihil
793 2111 898 2169 obstat
920 2113 1099 2187 quominus
1123 2110 1263 2186 Cyclops
1284 2108 1406 2182 dialogi

318 2234 454 2291 persona
485 2218 676 2292 principalis
708 2216 825 2289 fuerit,
866 2219 960 2275 euius
997 2233 1117 2275 nomen
1151 2232 1281 2292 quoque
1322 2213 1407 2272 libro

319 2321 480 2397 Odysseae
502 2340 589 2381 nono
611 2321 813 2398 praefigitur:
838 2319 1053 2399 (Κυκλώπεια)
1083 2320 1107 2398 ).

440 2427 489 2488 52.
513 2460 555 2470 -
585 2433 655 2516 περὶ
692 2428 781 2494 o'r'vou
812 2431 959 2515 χρήσεως
996 2427 1015 2503 ἢ
1051 2432 1121 2513 περὶ
1159 2429 1255 2511 μέθης
1288 2424 1307 2500 ἢ
1338 2428 1407 2512 περὶ

582 2540 639 2597 τοῦ
662 2532 850 2608 Κύκλωπος·
879 2567 919 2576 -

360 2640 434 2699 Non
471 2641 630 2698 miramur
660 2639 894 2698 Antisthenem
927 2637 1090 2714 Oynieum
1122 2638 1163 2696 de
1196 2639 1286 2696 vitiis
1318 2637 1408 2695 hisee

319 2749 434 2820 egisse;
455 2747 619 2821 proposito
635 2743 812 2802 Homerico
827 2743 1018 2822 exemp103)
1040 2745 1195 2819 carpsisse
1210 2761 1286 2801 eum
1303 2744 1408 2802 victus

319 2849 555 2908 abundantiam
595 2868 652 2926 per
691 2867 725 2910 se
760 2855 856 2926 patet.
881 2850 909 2925 ⁴)
954 2849 1108 2925 SeJ‘unxit
1153 2850 1242 2908 hunc
1285 2849 1409 2908 librum

352 3001 374 3065 ¹)
400 3002 511 3051 Etiamsi
528 3003 615 3051 desint
632 3003 801 3064 documenta,
824 3018 890 3066 quae
908 3004 1067 3052 confirmant
1083 3018 1174 3053 revera
1184 3004 1254 3052 hune
1265 3017 1371 3053 versum
1382 3007 1410 3052 et

318 3093 435 3142 scholion
460 3094 597 3142 referenda
622 3107 676 3142 esse
700 3094 735 3142 ad
760 3094 870 3142 titulum
897 3096 975 3155 olum,
1001 3098 1092 3143 tamen
1118 3093 1237 3142 scholion
1269 3093 1356 3157 recepi
1380 3094 1408 3140 in

319 3187 435 3241 textum,
453 3183 515 3245 quia
532 3182 673 3230 admodum
690 3186 730 3229 est
748 3181 929 3243 memorabile,
946 3197 998 3244 qua
1015 3183 1119 3231 ratione
1136 3183 1179 3231 hic
1197 3197 1302 3245 quoque
1318 3183 1408 3231 Antis·

319 3272 410 3320 thenas
427 3272 535 3321 Ulixem
551 3285 627 3319 suum
645 3271 678 3319 ab
695 3271 767 3319 omni
783 3271 860 3333 culpa
878 3272 1021 3321 defendere
1038 3272 1153 3322 studeat.

351 3357 375 3421 ²)
401 3360 484 3422 Legae
500 3374 618 3422 quoque,
635 3374 730 3422 quaeso
736 3396 742 3420 ,
766 3360 875 3409 Hirrelii
892 3361 972 3409 verba
991 3360 1019 3408 in
1038 3361 1120 3409 Rhen.
1138 3361 1203 3409 Mus.
1222 3362 1293 3421 1892,
1310 3375 1336 3424 p.
1354 3362 1409 3421 383,

319 3450 372 3512 qui,
390 3455 530 3513 postquam
548 3450 671 3499 disseruit
688 3451 720 3499 de
738 3450 850 3513 dialogis
868 3466 882 3500 e
905 3451 1070 3513 mythologie
1087 3451 1239 3514 desumptis,
1257 3449 1343 3514 pergit
1363 3451 1409 3499 sic:

319 3540 374 3588 Aut
400 3540 507 3602 Dialoge
533 3540 634 3589 solcher
659 3543 709 3589 Art
731 3541 907 3604 (mythische)
925 3541 1048 3589 scheinen
1065 3540 1115 3588 mir
1132 3540 1159 3588 in
1177 3540 1236 3587 dem
1255 3540 1410 3588 Schriftver-

319 3630 461 3679 zeichuisse
486 3630 557 3679 Titel
582 3631 631 3679 wie
655 3630 698 3678 48:
724 3629 822 3691 Ἀθηνᾶ
844 3630 859 3689 ὴ
878 3632 936 3694 περὶ
953 3630 1104 3695 Τηλεμάχου
1122 3629 1176 3677 und
1193 3629 1306 3694 Κύκλωψ
1322 3630 1338 3690 ἣ
1354 3630 1410 3693 περὶ

319 3719 458 3777 Ὀδυσσέως
475 3734 506 3767 zu
516 3719 621 3779 deuteri,
639 3720 714 3779 Titel,
731 3720 782 3769 mit
791 3721 877 3769 denen
888 3734 949 3768 man
961 3734 1011 3766 nur
1023 3719 1131 3767 deshalb
1143 3701 1232 3767 niehts
1243 3720 1410 3783 annutangen
1445 3758 1449 3766 .

320 3814 416 3860 wusste
434 3811 481 3873 (cf.
510 3811 667 3859 Duemmler.
693 3810 737 3871 ll.)
764 3811 824 3860 weil
850 3825 912 3858 man
935 3809 977 3858 dic
995 3809 1161 3871 Consequens
1178 3810 1254 3859 nicht
1270 3825 1302 3856 au
1319 3809 1409 3858 ziehen

319 3906 418 3963 wagtc‚
438 3900 498 3948 dass
514 3899 598 3948 durch
614 3899 665 3948 den
683 3899 761 3948 einen
778 3900 820 3950 die
838 3900 932 3949 Go‘ttin
950 3900 1062 3960 Athene,
1079 3899 1160 3948 durch
1178 3900 1228 3948 den
1246 3900 1346 3947 andern
1363 3900 1410 3949 der

320 3991 418 4055 Cyclop
434 3992 474 4039 als
491 3991 680 4055 Hauptpcreoa
696 3992 741 4039 des
759 3991 902 4054 Gespra'ehs
919 3991 1073 4039 bezeichnet
1091 3991 1206 4039 wurden.

352 4078 375 4143 ³)
402 4080 542 4144 Cyclopem
559 4080 725 4129 notissimum
742 4081 964 4144 intemperantiae
985 4081 1134 4144 exemplum
1154 4080 1235 4128 fuisse
1252 4084 1361 4143 apparet
1377 4094 1410 4129 ex

321 4169 411 4233 Eurip.
431 4169 503 4232 Oyel.
521 4185 557 4219 vs.
575 4173 630 4218 558.
648 4197 677 4204 —
697 4170 771 4219 Ovid.
790 4170 897 4219 Metam.
915 4170 988 4230 XIV,
1006 4185 1043 4218 va.
1061 4171 1116 4218 211.

353 4259 376 4320 ⁴)
401 4259 436 4308 cf.
454 4259 523 4308 Xan.
542 4259 622 4307 Conv.
641 4259 686 4320 IV,
704 4261 743 4309 41.
764 4287 797 4294 -
820 4259 894 4322 Diog.
917 4259 1005 4308 Laert.
1028 4258 1074 4318 Vl,
1093 4260 1114 4308 8.
1136 4287 1169 4294 -
1188 4259 1236 4308 Dio
1254 4259 1344 4324 Chrys.
1362 4260 1409 4321 Vl,

319 4363 345 4412 p.
362 4350 418 4397 202.
