3458 5182
834 355 890 415 117

318 553 395 593 nem
428 536 648 595 urbanitatem
681 541 713 595 et
743 536 940 610 elegantiam
962 554 1029 595 non
1054 540 1221 611 tantopere
1244 537 1408 596 curavisse

318 660 418 719 quam
439 644 613 701 veritatem
635 648 666 700 01
688 661 827 702 acumen
849 640 1021 702 (1101010111.
1034 642 1060 720 1)

360 748 401 805 In
423 747 489 805 fine
512 746 791 806 Radermacherus
813 749 941 824 quaerit
961 765 1003 806 ex
1018 749 1112 807 cuius
1126 748 1241 821 tragici
1257 746 1407 821 exemplo

318 859 429 913 auctor
455 853 708 912 declamationes
736 853 915 912 refluxerit.
959 852 1130 928 Originem
1155 855 1219 913 sibi
1241 856 1407 913 invenisse

320 958 450 1016 videtur
462 958 549 1034 apud
564 957 786 1029 Aristotelem,
809 960 866 1034 qui
883 960 918 1016 in
935 957 1108 1018 Rhetorica
1126 959 1171 1018 II.
1184 956 1222 1020 23
1233 957 1260 1035 ²)
1273 955 1353 1017 1400
1364 957 1405 1016 A.

318 1065 466 1140 loquitur
490 1063 531 1122 (10
555 1063 721 1137 tragoedia
751 1064 892 1140 quadam
914 1063 1125 1136 Theodectis,
1147 1082 1229 1141 (11100
1250 1066 1407 1139 inscripta

320 1174 386 1227 erat
410 1167 499 1242 Αἴας.

360 1273 468 1344 Quum
491 1275 582 1331 enim
603 1277 754 1348 appareat
776 1290 817 1331 ex
832 1291 869 1331 eo
881 1271 1069 1332 Aristotelis
1081 1273 1152 1331 loco
1164 1276 1200 1332 in
1212 1274 1407 1333 Theodectis

318 1379 418 1441 Aiace
439 1395 594 1451 magnam
616 1378 744 1437 dedisse
767 1395 899 1453 operam
921 1377 1055 1438 Ulixem
1079 1383 1115 1438 ut
1130 1379 1298 1439 iudicibus
1310 1397 1407 1454 expo-

318 1489 410 1543 neret
432 1485 489 1561 qui
512 1483 637 1541 factum
660 1487 743 1543 esset
765 1489 801 1542 ut
824 1486 909 1559 ipse,
932 1502 1132 1561 quamquam
1154 1484 1254 1544 Aiace
1280 1486 1405 1558 1011101,

319 1609 386 1650 non
408 1590 484 1649 talis
505 1589 689 1661 videretur,
718 1591 782 1648 iam
805 1593 931 1648 certum
952 1589 1063 1648 adesse
1085 1593 1221 1664 originis
1243 1592 1406 1650 indicium

318 1700 427 1755 censet
450 1696 745 1757 Radermacherus:
769 1714 879 1755 nonne
902 1699 992 1755 enim
1015 1700 1050 1755 in
1072 1696 1132 1756 Od.
1155 1695 1407 1758 9011100101-

317 1802 425 1859 tendit
456 1803 592 1876 specie
624 1805 754 1860 tantum
787 1802 922 1860 Aiacem
955 1801 1076 1860 fortem
1102 1806 1132 1860 et
1155 1802 1350 1862 bellicosum
1373 1822 1405 1862 00

317 1905 511 1979 ostendisse,
544 1912 647 1966 semet
679 1909 789 1982 ipsum
822 1912 933 1966 contra
964 1925 1172 1984 nequaquam
1198 1914 1254 1973 τοῦ
1277 1906 1406 1974 δοκεῖν

318 2009 517 2097 γλιχόμενον
551 2015 662 2071 omnia
694 2014 890 2088 suscepisse,
921 2014 998 2089 quia
1031 2031 1098 2071 non
1120 2012 1226 2072 videri
1249 2015 1344 2073 fortis
1371 2016 1406 2073 in

320 2115 444 2189 proelio
466 2120 600 2190 gestiret
622 2118 678 2177 sed
700 2118 823 2191 100010,
846 2119 934 2194 quod
955 2136 1036 2193 opus
1057 2120 1163 2178 esset?

359 2220 424 2281 Hic
456 2223 532 2280 nolo
564 2223 760 2297 respondere
789 2222 878 2299 quod
900 2222 984 2280 mihi
1008 2222 1131 2296 legenti
1155 2223 1406 2283 Radermacheri
1480 2286 1483 2292 ,

317 2329 416 2387 verba
427 2331 536 2388 statim
548 2329 750 2402 occurrebat,
761 2329 840 2387 talia
851 2329 987 2404 quidem
1000 2347 1272 2406 unumquemque
1283 2328 1404 2389 Ulixen

318 2437 353 2493 in
376 2452 471 2494 scena
494 2435 588 2493 Aiaci
611 2435 796 2495 adversario
818 2435 961 2508 objicere
983 2435 1097 2494 solere.
1133 2434 1219 2494 Nam
1242 2434 1321 2494 Rad.
1348 2438 1405 2512 qui

318 2543 363 2600 ita
396 2542 516 2616 pergit:
549 2539 647 2613 „Man
679 2539 754 2598 darf
786 2540 859 2598 hier
880 2540 974 2598 nicht
996 2541 1209 2612 einwenden,
1231 2541 1284 2598 bei
1306 2541 1405 2614 jeden

317 2645 574 2721 Waffengericht
596 2646 680 2705 habe
703 2645 855 2705 Gleiches
870 2646 948 2705 oder
960 2646 1139 2706 Aenliches
1150 2653 1259 2722 gesagt
1272 2648 1405 2706 werden

317 2750 487 2823 miissen,'’
509 2769 547 2810 00
567 2755 761 2825 argumento
784 2750 831 2809 uti
853 2755 950 2810 vetat.

358 2856 463 2916 Aliud
485 2861 546 2929 est,
569 2857 659 2933 quod
680 2859 790 2916 nescio
813 2856 978 2935 quomodo
1000 2859 1147 2932 neglexit
1170 2857 1405 2919 Radermache-

317 2978 380 3020 rus.
425 2960 458 3020 Si
482 2980 595 3020 revera
617 2961 817 3021 Theodectes
839 2962 921 3036 fuit,
943 2965 1001 3039 qui
1016 2964 1207 3039 exemplum
1222 2964 1406 3039 praebuerit

317 3067 502 3125 orationum
524 3069 663 3138 auctori,
686 3070 743 3144 qui
767 3067 821 3141 fit,
846 3072 884 3131 111Ι
904 3067 957 3126 hic
979 3070 1126 3127 omiserit
1148 3087 1188 3126 ex
1210 3069 1405 3129 Theodectis

317 3172 429 3231 fabula
455 3176 490 3231 in
513 3174 624 3234 Aiacis
646 3177 827 3234 orationem
848 3175 1025 3234 transferre
1048 3177 1297 3237 acerbissimum
1319 3176 1404 3234 illud

316 3275 427 3337 Aiacis
446 3278 635 3338 convicium
659 3281 748 3356 quod
770 3299 811 3339 ex
833 3280 948 3339 eadem
970 3279 1165 3340 Theodectis
1185 3282 1297 3341 fabula
1310 3284 1405 3342 nobis

317 3385 460 3442 servavit
491 3386 593 3444 Arist.
626 3385 660 3445 ll.
694 3404 726 3460 p.
750 3383 847 3446 1399:
882 3392 941 3451 Καὶ
975 3389 1011 3451 τὸ
1044 3389 1075 3451 ἐκ
1106 3392 1162 3452 τοῦ
1191 3387 1327 3464 Αἴαντος
1349 3398 1405 3455 τοῦ

319 3485 501 3564 Θεοδέκτου,
535 3494 582 3556 ὅτι
615 3495 633 3556 ὁ
668 3489 831 3572 Διομήδης
853 3491 1018 3577 προείλετο
1040 3490 1209 3566 Ὀδυσσέα,
1231 3497 1270 3559 οὐ
1298 3502 1405 3578 τιμῶν,

318 3593 392 3659 ἀλλ’
414 3596 465 3660 ‘t'vu
487 3597 589 3672 ἥττων
610 3596 631 3685 a}
654 3603 671 3662 ὁ
695 3597 896 3662 ἀκολουθῶν·

349 3896 372 3959 ¹)
408 3898 560 3948 Rectissime
590 3898 679 3948 Cicero
708 3899 895 3950 Antisthenen
922 3901 1056 3950 hominem
1085 3906 1193 3951 acutum
1221 3904 1305 3966 magis
1325 3919 1405 3967 quam

317 3988 448 4035 eruditum
465 3988 591 4052 appellat.

350 4073 374 4136 ²)
410 4076 490 4135 ἄλλος
522 4078 570 4138 (sc.
597 4078 707 4139 τόπος),
738 4083 792 4136 τοῖς
823 4078 1086 4144 montebracone
1117 4084 1158 4131 καὶ
1187 4081 1334 4147 ἀνθρώποις
1363 4086 1406 4133 rui

322 4163 465 4228 πράγμασι,
482 4165 498 4224 ἢ
518 4166 630 4227 decorior,
651 4168 679 4216 τὸ
697 4165 781 4231 λέγειν
799 4169 848 4227 τὴν
865 4166 951 4218 αἰτίαν
967 4172 1013 4218 τοῦ
1032 4170 1187 4233 παραδόξου.
1207 4199 1237 4207 -
1255 4176 1295 4221 καὶ
1314 4173 1407 4223 010111

317 4257 354 4318 τῷ
388 4255 478 4304 Αἴαντι
512 4259 558 4305 τοῦ
593 4255 741 4320 θεοδέκτου,
771 4257 906 4317 Ὀδυσσεὺς
936 4259 1003 4325 λέγει
1036 4262 1101 4323 πρὸς
1132 4263 1178 4311 τὸν
1208 4262 1306 4312 Αἴαντα
1334 4262 1406 4325 διότι,

318 4342 492 4407 ἀνδρειότερος
509 4345 546 4394 ὢν
563 4348 608 4394 τοῦ
626 4347 747 4408 Αἴαντος,
767 4348 796 4396 οὐ
814 4347 888 4397 δοκεῖ.

1267 4440 1282 4472 a
