3458 5182
837 372 897 442 100

321 559 463 622 colorem
485 560 552 622 iam
575 560 676 623 Blass.
698 582 729 623 v.
752 563 791 623 cl.
815 564 977 635 observat;
999 565 1109 626 denuo
1131 566 1162 626 h.
1179 567 1200 626 l.
1223 564 1338 628 Ulixes
1360 564 1414 624 de·

320 670 404 729 ridet
434 687 503 743 eos,
540 668 597 746 qui
628 669 734 729 famae
767 672 974 731 nobilitatem
1007 678 1165 748 appetunt
1194 674 1408 759 (φασιν...

321 773 492 861 ἀνδρεῖον).
534 775 752 836 Memorabilis
784 783 832 837 est
859 778 1043 851 translatio,
1080 798 1144 856 qua
1175 776 1414 839 contumuliose

321 880 435 941 Ulixes
456 882 558 941 utitur
579 881 686 943 Aiacis
709 883 807 958 σάκος
829 881 1019 970 ἑπταβόειον
1039 889 1089 944 ter
1114 884 1267 960 deinceps
1280 885 1305 964 ¹)
1327 902 1413 943 com·

322 1005 439 1062 parans
466 1005 542 1046 cum
574 1005 679 1047 muro,
732 987 855 1046 Mirum
888 994 1047 1066 quantum
1082 999 1225 1077 τεῖχος
1256 995 1412 1067 tanquam

321 1091 407 1151 firmi
433 1093 583 1169 praesidii
606 1093 711 1168 imago
732 1093 767 1153 in
789 1094 912 1154 deliciis
941 1100 989 1155 est
1019 1095 1255 1171 Antistheni.²)
1294 1094 1413 1154 Nonne

322 1199 420 1258 habet
455 1199 660 1259 concordiam
695 1198 836 1259 fratrum
867 1203 989 1276 παντὸς
1026 1205 1155 1287 τοίχους
1184 1202 1411 1289 ἰσχυροτέραν,

322 1323 432 1364 nonne
444 1310 537 1365 vocat
548 1307 605 1381 τὴν
618 1308 773 1394 φρόνησιν
784 1315 890 1396 τεῖχος
900 1298 1165 1394 ἀ’σφαλέστατον,
1178 1324 1287 1366 nonne
1299 1306 1413 1366 suadet

321 1415 409 1498 τείχη
432 1416 694 1479 κατασκευαστέον
716 1416 749 1480 ἐν
770 1423 837 1490 τοῖς
859 1415 963 1481 αὑτῶν
979 1415 1161 1489 α’ναλαιτοῖς
1174 1413 1370 1500 λογίσμοιςῗ
1385 1411 1412 1489 3)

362 1515 421 1577 Od.
448 1515 484 1579 8:
517 1522 622 1608 ὥσπερ
652 1522 681 1584 οἱ
710 1517 952 1609 κυβερνῆται
981 1555 1022 1564 -
1043 1526 1218 1587 σκοποῦσιν
1241 1521 1330 1591 ὅπως
1353 1517 1413 1582 σώ-

324 1649 436 1688 σουσιν
461 1628 538 1700 τοὺς
564 1630 688 1700 ναύτας.
710 1659 749 1669 -
782 1624 926 1685 Socrates
956 1624 1099 1685 medicos
1127 1630 1159 1684 et
1179 1624 1412 1699 gubernatores

322 1744 415 1803 saepe
449 1728 582 1789 adhibet
612 1729 646 1790 in
681 1731 985 1808 comparationibus.
1028 1731 1260 1791 Antisthenem
1286 1733 1412 1803 praeter

321 1836 448 1923 ἰατροὺς·
470 1853 599 1912 quoque
621 1836 794 1897 adduxisse
818 1833 1018 1924 κυβερνήτας
1040 1837 1175 1896 fortasse
1198 1832 1352 1908 conjicias
1371 1851 1412 1891 ex

322 1939 542 2014 ps-Platonico
575 1941 702 2018 dialogo
733 1941 940 2019 Clitophonte
976 1961 1007 2018 p.
1039 1939 1100 2002 408
1133 1941 1184 2013 Β.,
1218 1939 1274 1998 ubi
1297 1938 1412 2015 respici

322 2048 416 2118 putat
438 2044 599 2120 Cynicum
621 2047 704 2107 Joel.
720 2047 747 2128 ⁴)

365 2149 469 2219 Quam
491 2150 658 2212 notissima
679 2153 735 2212 sed
757 2154 854 2213 foeda
875 2152 1116 2230 comparatione
1138 2151 1253 2213 Ulixes
1275 2149 1409 2210 orationi

322 2253 422 2314 finem
445 2255 535 2316 facit:

363 2360 421 2420 od.
444 2360 495 2421 14:
529 2361 663 2438 Sapiens
685 2368 778 2439 poeta
800 2393 833 2430 σε
856 2368 974 2442 -τὴν
996 2369 1092 2451 φύσιν
1114 2362 1269 2438 ἀπεικάζει
1290 2370 1358 2436 τοῖς
1379 2389 1410 2425 τε

321 2470 455 2533 νωὲἑσιν
477 2471 566 2545 ὄνοις
588 2476 635 2535 καὶ
656 2467 755 2556 βουσὶ
777 2479 846 2547 ταῖς
873 2468 1053 2568 φόρβασινν,
1074 2469 1192 2546 Ιἄλλοις
1214 2472 1409 2555 παρέχουσιν

321 2567 476 2654 δεσμεύειν
508 2577 556 2638 καὶ
587 2572 753 2658 ζευγνύναι
786 2576 912 2650 αὑτούς·
953 2574 1058 2661 Quam
1079 2572 1216 2632 firmiter
1237 2572 1332 2660 α’ρετῇ
1352 2589 1409 2631 flua

321 2677 411 2737 ssiSUS
434 2678 528 2739 iactat
550 2680 664 2740 merita
687 2680 910 2753 πολύτλαντα,
943 2682 1135 2765 πολύμητιν,
1158 2680 1408 2768 πολυμήχανον,

322 2802 420 2859 quam
446 2784 617 2847 inhoneste
640 2785 748 2849 Aiacis
776 2785 924 2848 indolem
946 2787 1070 2873 (φύσιν)
1092 2788 1249 2864 adaequat
1271 2786 1409 2846 hebetis-

321 2887 411 2950 simis
433 2889 560 2951 bestiis!

363 3098 547 3176 Supersunt
568 3121 650 3180 quae
673 3103 857 3163 indicemus
880 3104 1081 3162 elocutiones
1105 3103 1265 3180 quaedam
1280 3107 1407 3162 senten-

323 3236 571 3248 ᾖ-

353 3304 372 3370 1)
407 3308 452 3357 οἴει
477 3327 501 3358 τι
522 3307 647 3374 διαφέρειν
672 3311 779 3358 τοιαῦτα
805 3309 876 3358 ὅπλα
893 3309 962 3373 ἔχειν
980 3308 996 3368 ἢ
1014 3308 1105 3367 ἐντὸς
1123 3310 1251 3373 τείχους
1267 3309 1408 3369 καθῆσθαιῐ

319 3399 360 3445 καὶ
388 3399 427 3447 σοὶ
451 3400 522 3463 μόνιρ
549 3398 563 3448 δ
571 3401 586 3458 ὴ
611 3403 719 3464 τεῖχος
745 3399 790 3448 ούκ
806 3401 878 3448 ἔστιν
896 3426 925 3434 ·-
943 3399 1023 3463 μόνος
1040 3399 1087 3461 μὲν
1104 3400 1150 3448 οὖν
1167 3399 1197 3448 σύ
1215 3416 1241 3464 γε
1253 3398 1408 3461 ἑπταβόειον

320 3487 440 3555 περιέρχῃ
458 3495 566 3554 τεῖχος
584 3488 799 3553 προβαλλόμενος
816 3491 932 3538 σεαυτοῦ.

350 3575 371 3638 ²)
406 3580 440 3627 cf.
459 3579 551 3627 Weber
568 3580 603 3638 ll.‚
621 3593 645 3642 p.
665 3580 721 3626 178:
740 3577 949 3641 (Translationis)
968 3591 1061 3638 genus,
1078 3577 1147 3638 quod
1163 3592 1179 3624 a
1191 3577 1276 3636 rebus,
1293 3592 1360 3638 quae
1372 3577 1406 3625 ad

319 3672 404 3716 artem
422 3668 563 3716 militarem
582 3668 697 3731 pertinet
714 3667 842 3730 repetitur
858 3681 939 3727 eoque
957 3666 1059 3728 saepius
1077 3670 1230 3728 usurpatur,
1247 3667 1316 3726 quod
1335 3666 1406 3714 vitae

319 3756 433 3818 Cynicae
450 3757 533 3806 indoli
551 3761 578 3804 et
594 3757 691 3805 rationi
709 3757 822 3805 maxime
839 3757 1049 3805 commendatum
1066 3760 1130 3806 erat.

349 3844 371 3910 3)
407 3848 483 3909 Diog.
501 3847 587 3896 Laert.
605 3847 654 3906 Vl,
673 3849 696 3906 6,
715 3849 757 3906 12,
776 3849 814 3895 13.

351 3935 371 3999 ⁴)
405 3937 473 3985 Joel.
499 3952 524 4000 p.
542 3938 590 3985 495
607 3940 646 3984 nt.
664 3939 687 3984 2.
705 3963 736 3972 -
754 3952 778 3999 p.
797 3937 844 3983 502
861 3940 902 3984 nt.
920 3937 942 3984 2.
978 3935 1038 3985 Clit.
1056 3936 1099 3986 ll.:
1118 3936 1152 3994 ὡς
1177 3935 1247 3995 ὅστις
1273 3935 1347 4001 ψυχῇ
1369 3937 1405 4000 μὴ

317 4026 455 4075 ἐπίσταται
471 4027 592 4089 χρῆσθαι,
610 4025 693 4089 τούτῳ
711 4027 739 4074 τὸ
757 4026 829 4089 ἄγειν
846 4026 957 4089 ἡσυχίαν
974 4025 1007 4090 τῇ
1023 4023 1094 4090 ψυχῇ
1111 4028 1153 4072 καὶ
1170 4026 1206 4089 μη
1218 4026 1273 4085 ζῆν,
1291 4029 1405 4089 κρεῖττον

318 4118 334 4176 ἢ
357 4119 414 4179 ζῆν,
442 4117 582 4179 πράττοντι
599 4115 755 4165 καθἀὺτόν.
774 4115 796 4163 εἰ
813 4115 838 4164 δὲ
856 4135 894 4173 τις
913 4115 1012 4179 ἀνάγκη
1031 4116 1078 4175 ’ζῆν
1096 4115 1143 4176 εἴη,
1162 4115 1247 4179 δούλῳ
1265 4115 1404 4178 άμεινονῆ

317 4206 439 4271 ἐλευθέρῳ
463 4206 556 4272 διάγειν
578 4208 615 4270 τῷ
636 4205 745 4270 τοιούτῳ
766 4209 813 4256 τὸν
829 4205 900 4268 βίον.
918 4206 987 4254 ἔστιν
1005 4205 1055 4269 ἄρα
1073 4205 1190 4268 καθάπερ
1208 4205 1300 4253 πλοίου
1318 4222 1403 4268 παρα-

316 4298 411 4348 διδόναι
440 4298 473 4346 τὰ
500 4297 612 4357 πηδάλια
639 4299 685 4356 τῆς
701 4296 815 4354 διανοίας
833 4297 913 4360 ἄλλῳ,
940 4297 978 4360 τῷ
996 4295 1108 4360 μαθόντι
1125 4295 1173 4354 τὴν
1189 4299 1240 4344 τῶν
1258 4293 1404 4359 ἀνθρώπων

316 4389 505 4453 κυβερνητικὴν
522 4391 555 4450 ἣν
572 4388 603 4448 δὴ
622 4391 651 4438 σύ
672 4389 816 4450 πολιτικὴν,
835 4390 853 4436 ὦ
871 4389 1010 4449 Σώκρατες,
1029 4387 1159 4452 ὀνομάζεις
1177 4385 1311 4443 πολλάκις.
