3458 5182
320 575 560 664 διαγιγνώσκειν
588 583 643 658 μὲν
672 578 744 658 ὑμῖν
773 579 841 663 περὶ
870 578 944 659 ἐμοῦ
974 579 1021 640 καὶ
1044 579 1108 641 τῶν
1130 577 1212 656 ἐμῶν
1234 573 1441 659 ἐπιτρέπω,9)

320 677 516 755 διαδοξιίζειν
539 677 570 746 δὲ
594 682 711 747 ίίπασιν
732 680 936 769 ἀπαγορεύω,
959 687 1006 747 καὶ
1028 688 1124 746 ταῦτα
1143 684 1212 767 περὶ
1233 676 1351 763 ἀνδρὸς
1364 679 1402 753 ὃς

345 789 353 809 τ
418 789 426 812 ι
454 789 464 810 κ
526 787 533 809 τ
588 788 594 810 τ
621 786 634 810 τι
738 785 745 807 τ
775 792 789 809 a
897 790 905 810 τ
1021 783 1029 811 Ι
1145 790 1155 812 ε
1236 790 1245 810 x
1272 787 1279 808 τ
1326 790 1339 803 u
1367 783 1382 810 n

320 815 385 874 ονχ
414 815 491 852 εκινν
520 787 586 854 αλλ
617 815 702 851 ακων
731 801 855 872 αφικται
884 814 927 862 εις
949 795 1085 874 Τροιαν,
1108 814 1156 851 και
1178 812 1247 872 περι
1268 811 1342 866 εμον
1364 812 1403 858 ος

319 896 448 981 πρῶτος
469 891 514 958 ιἰεί
538 891 588 958 καί
610 894 711 976 μόνος
732 891 782 957 καὶ
805 891 878 957 ἄνευ
899 897 1028 980 τείχους
1049 896 1204 980 τέταγμαι·

759 1085 953 1094 ——.

569 1231 880 1289 ΑΝΤΙΣΘΕΝΟΥΣ
910 1233 1154 1291 omnm.

360 1389 407 1452 Οὐ
429 1390 513 1475 πρὸς
535 1391 570 1452 σε’
589 1413 643 1470 μοι
663 1387 766 1468 μόνον
788 1391 805 1450 ὁ
828 1385 947 1475 λόγος,
971 1383 1009 1452 δι’
1024 1388 1062 1452 ὃν
1078 1388 1228 1463 ἆνίστην,
1251 1387 1402 1454 ἀλλὰκαὶ

317 1492 401 1577 πρὸς
422 1496 499 1567 τοὺς
521 1490 646 1565 ἄλλους
669 1490 826 1566 ἅπαντας·
850 1490 949 1557 πλείω
976 1492 1039 1580 γὰρ
1062 1491 1168 1580 ἀγαθὰ
1190 1497 1344 1568 πεποίηκα
1365 1496 1401 1559 τὸ

317 1594 534 1685 στρατόπεδον
557 1599 619 1683 ἐγὼ
642 1594 663 1672 ἢ
684 1597 770 1681 ὑμεῖς
792 1595 938 1671 ἅπαντες·
969 1600 1017 1660 καὶ
1040 1604 1136 1662 ταῦτα
1158 1602 1207 1662 καὶ
1229 1597 1403 1674 ζὼντοςῖιν

317 1702 431 1789 ίλεγον
453 1703 649 1790 Ἀχιλλέως,
671 1708 720 1767 καὶ
743 1708 801 1768 νῦν
817 1704 993 1778 τεθνεῶτος
1008 1701 1092 1789 λέγω
1107 1705 1190 1792 πρὸς
1204 1706 1293 1788 ὑμᾶς·
1315 1706 1402 1789 ὑμεῖς

316 1813 372 1888 μὲν
394 1809 458 1896 γὰρ’
481 1805 630 1891 οὐδεμίαν
651 1807 758 1883 ιίλλην
779 1807 887 1894 μάχην
907 1810 1107 1896 μεμάχησθε,
1129 1808 1168 1885 ἣν
1186 1811 1260 1897 οὐχὶ
1276 1815 1324 1875 καὶ
1339 1814 1401 1897 ἐγὼ

352 1913 559 1977 ν
603 1911 674 1977 «ν
729 1918 742 1932 ·
790 1910 832 1979 ’ν
950 1910 983 1979 ν
1100 1911 1157 1980 ’ν
1206 1916 1262 1938 ε-
1333 1915 1379 1982 ’ν

315 1941 350 1994 με
412 1942 500 1998 υμωί)
548 1942 613 2004 {plot
662 1942 674 1978 Ε
703 1943 767 1978 Των
789 1946 798 1978 ι
822 1942 878 1978 ίων
900 1941 947 1978 Κίν
968 1942 1053 1979 υνων
1068 1943 1113 1980 m)
1135 1943 1178 1990 Εἰς
1199 1943 1286 1999 υμων
1309 1944 1346 1980 01)
1368 1945 1400 1981 tv

317 2014 450 2091 ξύνοιδε·
492 2023 592 2084 καίτοι
614 2021 647 2084 ἐν
667 2024 723 2102 μὲν
745 2027 814 2094 ταῖς
836 2025 957 2092 κοιναῖς
977 2018 1111 2107 μάχαις,
1143 2017 1215 2086 οὐδὲ
1243 2024 1265 2086 εί
1294 2020 1401 2097 καλῶς
1412 2040 1440 2118 Ξ)

348 2178 372 2241 ⁹)
407 2180 465 2245 περί
490 2177 616 2249 τ’,ἀνδρὸς
640 2180 683 2228 vel
709 2197 739 2228 π.
757 2179 783 2228 ά.
806 2177 832 2226 θ’
854 2179 956 2227 mavult
982 2180 1064 2231 Blass.
1091 2181 1140 2244 (ed.
1158 2183 1197 2247 ΙΙ)
1223 2210 1255 2220 -
1272 2183 1314 2232 καὶ
1335 2187 1400 2232 ante

317 2271 377 2320 ἄνευ
394 2271 534 2320 delendum
553 2269 597 2332 (cf.
615 2270 662 2319 od.
681 2271 705 2335 7)
725 2285 774 2319 see.
795 2270 876 2319 Blass.
895 2268 944 2331 (ed.
963 2271 1011 2334 II).

350 2359 420 2425 ὑμεῖς
437 2361 483 2425 μὲν
500 2375 550 2409 om.
569 2360 596 2411 O.
613 2362 661 2425 μὶν
677 2388 709 2397 -
726 2364 784 2424 post
804 2359 885 2418 οὐδεὶς
904 2359 975 2423 ὑμῶν
990 2359 1104 2425 μετέχων
1119 2361 1230 2410 inseruit
1246 2362 1401 2413 Winekelm.

316 2451 343 2498 H.
360 2464 385 2512 p.
404 2451 432 2497 41
451 2477 485 2485 —
501 2448 574 2506 οὐδὲν
591 2449 697 2512 ξύνοιδε,
716 2448 772 2499 οὐδὲ
791 2449 820 2499 O.

348 2537 373 2600 ²)
392 2538 447 2589 οὐδὲ
457 2537 478 2588 εί
486 2553 551 2588 corr.
561 2539 631 2601 Rsk.,
641 2538 697 2589 οὔτε
706 2539 768 2587 libri
776 2567 809 2574 —
818 2539 922 2589 ἅπαντα
929 2540 991 2606 ἡμῖν
1002 2555 1067 2590 corr.
1080 2541 1150 2604 Rsk„
1163 2542 1224 2607 ὑμῖν
1233 2545 1344 2593 retinuit
1355 2545 1401 2594 Bk.

316 2657 347 2665 -
357 2627 394 2677 ὧν
411 2627 483 2681 ’ἕνεκα
500 2628 572 2694 δεῦρο
591 2629 731 2694 ἀφίγμεθα,
749 2629 910 2678 addiderunt
927 2630 999 2694 δεῦρο
1017 2630 1045 2679 O.
1054 2631 1102 2691 Χ.,
1120 2646 1170 2680 τοο.
1180 2633 1258 2681 editt.
1268 2661 1300 2669 —
1309 2632 1330 2682 εἰ
1338 2632 1402 2683 δ’ἐσ-

315 2718 401 2783 φάλην
418 2719 529 2782 Spengel
546 2719 658 2780 mavult,
676 2718 701 2768 δὲ
719 2718 842 2783 σφαλείην
859 2718 929 2768 libri.

319 2987 362 3022 ose
371 2972 622 3033 ostendam,quanta
630 2985 830 3019 cumeuraeom·
883 2972 969 3034 legere
987 2973 1072 3032 Blass;
1089 2989 1167 3023 causa
1184 2975 1265 3035 adest,
1280 2976 1317 3024 sic
1329 2977 1399 3025 enim

319 3063 420 3126 positae
441 3063 497 3109 sint
515 3061 732 3120 declamationem
749 3075 831 3123 quan·

319 3154 391 3215 tique
405 3151 542 3200 habendus
554 3153 589 3199 sit
600 3153 628 3199 in
639 3151 672 3199 iis
684 3150 830 3214 dijudican-

319 3244 359 3292 dis
384 3241 578 3305 philosophicus
595 3241 672 3302 color,
691 3256 743 3303 quo
760 3246 831 3291 utra-

319 3348 370 3395 que
386 3332 471 3381 oratio
486 3331 588 3380 imbuta
599 3335 648 3380 est.

352 3420 522 3479 διαδαέἀζειν
539 3422 572 3470 ob
584 3423 755 3486 praemissum
767 3422 837 3472 δια-1

318 3513 540 3580 γιγνώσκεινᾱὶκίε
546 3513 615 3575 quod
623 3514 675 3561 iam
684 3513 831 3562 observavit

320 3603 447 3653 Reiskius.
468 3602 516 3651 Est
528 3601 642 3660 δοξάζειν
652 3603 731 3665 vulgo
742 3604 772 3650 in
782 3618 831 3652 usu

319 3695 389 3757 apud
401 3707 498 3753 omnes,
512 3693 686 3757 compositum
695 3693 764 3756 apud
775 3694 831 3741 Pla-

319 3789 408 3833 tonem
424 3787 532 3832 tantum
549 3783 661 3832 occurrit
680 3783 746 3831 Phil.
762 3797 787 3844 p.
800 3785 831 3831 38

319 3876 348 3923 B.
371 3901 403 3911 -
424 3874 458 3923 cf.
481 3873 548 3923 Plat.
566 3873 629 3935 Rep.
648 3873 678 3930 V,
696 3888 721 3936 p.
739 3875 786 3922 476
808 3874 831 3921 D

319 3962 364 4011 ubi
383 3962 483 4026 pariter
502 3961 648 4027 γιγνώσκειν
670 3965 699 4009 et
718 3959 833 4018 δοξάζειν

320 4055 497 4115 opponuntur.

352 4140 393 4189 καὶ
411 4143 474 4188 ante
492 4140 552 4188 ἄνευ
565 4139 652 4202 potius
665 4139 832 4188 retinendum

320 4234 374 4289 est,
391 4231 424 4278 de
441 4231 483 4278 καὶ
501 4234 541 4278 ter
558 4229 585 4276 in
603 4230 652 4278 hac
669 4231 833 4278 sententiun·

321 4321 381 4369 cula
398 4319 511 4382 repetito
528 4319 599 4366 infra
616 4319 665 4379 egi.

338 4407 834 4475 Mavultmptr'ctvtptcvelu.dvtptct'

887 3061 1054 3122 concinnius,
1074 3077 1141 3125 quae
1158 3069 1303 3126 sequuntur
1320 3067 1401 3115 verba

887 3156 947 3214 post
963 3152 1003 3201 καί
1015 3155 1095 3202 ταῦτα
1108 3154 1251 3216 conjuncta
1262 3160 1324 3203 sunt
1340 3171 1400 3204 cum

888 3241 1113 3303 praecedentibus.

920 3419 1032 3485 μετέχων
1052 3421 1164 3470 inseruit
1185 3423 1398 3487 Winckelmann,

888 3516 991 3573 praeter
1000 3512 1302 3576 necessitatem‚0pinor.
1314 3532 1399 3564 συνει-

890 3599 959 3649 δέναι
976 3601 1026 3650 τινί
1044 3618 1067 3648 τι
1087 3602 1190 3665 proprie
1212 3618 1280 3652 esse:
1300 3604 1400 3665 aliquid

888 3704 946 3739 cum
965 3690 1054 3752 aliquo
1073 3691 1137 3740 scire
1154 3706 1173 3741 s.
1190 3692 1268 3740 alicui
1288 3692 1399 3742 alicuius

888 3779 925 3828 rei
943 3781 1075 3828 conscium
1091 3795 1144 3829 esse
1162 3781 1338 3843 Wyttenbach
1347 3783 1400 3830 iam

888 3869 979 3918 multis
987 3870 1113 3933 exemplis
1120 3871 1248 3920 indicavit
1260 3873 1306 3935 (cf.
1318 3873 1400 3936 wyte.

889 3960 922 4007 ad
935 3960 1029 4008 Phaed.
1041 3973 1065 4022 p.
1076 3961 1107 4007 92
1118 3961 1173 4021 D.);
1197 3961 1308 4010 fortasse
1317 3966 1348 4010 ut
1357 3977 1400 4024 ge·

889 4049 987 4098 nitivus
1004 4054 1058 4099 τῶν
1072 4050 1143 4101 ίδίων
1151 4051 1276 4102 κινδύνων
1284 4053 1400 4115 haberet,

889 4154 941 4200 quo
958 4139 1089 4189 referatur
1111 4157 1136 4190 v.
1153 4143 1178 4190 d.
1195 4142 1316 4193 inseruit.
1350 4143 1401 4193 Sed

890 4244 944 4277 nnn
967 4244 1031 4293 opus
1052 4236 1103 4292 est,
1126 4246 1187 4280 nam
1205 4247 1263 4294 gen.
1289 4234 1403 4296 pendere

890 4319 924 4367 ab
940 4318 1014 4369 οὐδὲν
1031 4324 1125 4383 potest.

924 4407 947 4472 ¹)
983 4409 1044 4458 Post
1061 4408 1081 4460 εἰ
1098 4425 1156 4459 cum
1174 4416 1229 4477 opt.
1238 4410 1404 4480 ἀγωνίζοισθι
