3458 5182
836 387 875 452 83

315 569 434 642 positio
452 571 597 645 quaesita
607 571 794 643 agnoscitur
809 588 861 643 eo,
873 571 961 647 quod
974 572 1071 630 verba
1089 575 1131 646 εἰς
1143 573 1180 635 τὰ
1192 573 1258 660 ἱερὰ
1272 573 1399 630 mediae

315 676 495 733 sententiae
518 677 782 751 interponuntur.

356 886 450 957 Quod
482 887 522 946 ad
549 887 662 946 stilum
686 890 937 948 in'universum
959 891 1090 962 attinet,
1112 890 1306 965 plerumque
1329 906 1400 949 sen-

316 995 437 1051 tentiae
453 1010 629 1068 earumque
652 992 799 1066 singulae
822 998 927 1068 partes
949 995 1126 1053 dissolutae
1146 1000 1222 1053 sunt
1237 1013 1273 1054 ac
1285 1013 1400 1070 parum

316 1099 503 1172 cohaerent,
526 1100 571 1157 ita
592 1104 629 1156 ut
646 1100 774 1173 singula
790 1101 937 1159 membra
951 1102 1068 1160 vocula
1083 1105 1131 1165 καὶ
1148 1102 1399 1175 conjungantur,

317 1206 396 1263 dum
424 1205 607 1264 identidem
637 1211 709 1281 post
736 1224 869 1279 gravem
896 1224 1030 1281 pausam
1056 1225 1141 1266 nova
1164 1211 1400 1267 sententiarum

316 1313 414 1371 series
450 1312 577 1387 incipit.
592 1311 616 1390 ¹)
658 1312 811 1370 Advertit
836 1311 976 1388 ‘quoque
1012 1313 1183 1385 lectorem,
1216 1313 1303 1390 quod
1334 1318 1401 1373 tarn

317 1432 410 1490 saepe
436 1416 526 1474 idem
553 1417 692 1475 verbum
713 1418 886 1491 repetitur,
909 1418 1088 1493 eademque
1110 1420 1270 1476 sententia
1285 1418 1402 1477 simili-

317 1526 367 1580 ter
387 1538 518 1596 prorsus
540 1523 653 1580 iterata
674 1523 819 1580 recurrit.
834 1521 862 1599 ²)

359 1626 477 1687 Statim
500 1629 555 1687 hic
576 1628 695 1687 addam
710 1628 859 1703 exempla
874 1629 995 1704 quibus
1013 1628 1290 1686 declamationum
1304 1631 1402 1704 scrip-

317 1739 367 1793 tor
389 1739 579 1793 sectatorem
601 1733 732 1792 Prodici
754 1751 788 1792 se
810 1738 961 1808 praestat;
985 1733 1115 1792 Prodici
1135 1735 1225 1792 enim
1240 1752 1351 1793 curam
1367 1737 1402 1793 in

318 1841 562 1914 distinguendis
599 1839 774 1897 verborum
810 1841 1025 1914 potestatibus
1061 1845 1273 1917 accurateque
1307 1858 1402 1915 syno-

318 1949 429 2021 nymis
462 1946 701 2019 discernendis,
734 1949 933 2022 quantopere
961 1945 1153 2005 Antistheni
1176 1947 1278 2005 fuerit
1298 1930 1402 2020 grata,

318 2071 415 2128 supra
436 2053 650 2112 ostendimus.

359 2159 413 2218 Ai.
435 2157 467 2218 4:
490 2160 605 2243 κρίνειν
622 2200 649 2214 ··
667 2154 802 2223 δικάσειν
813 2191 854 2201 -
866 2162 980 2246 κρίνειν
998 2201 1025 2214 ·-
1045 2154 1269 2244 διαγνῶναι-

360 2267 414 2324 Ai.
437 2265 468 2325 5:
491 2261 612 2350 δράσειε
629 2261 790 2352 υπρᾶἕαι
801 2298 842 2307 -

360 2373 413 2431 Ai.
436 2369 467 2431 6:
488 2378 589 2436 ποιεῖν
607 2412 633 2426 ··
651 2373 873 2457 πέπρακται-

361 2478 414 2536 Ai.
438 2476 469 2536 7:
492 2484 610 2564 κριταῖς
628 2519 654 2533 ··
674 2472 834 2549 δικασταῖς
848 2509 886 2519 -
898 2475 1019 2564 &Spain
1037 2518 1064 2531 ··
1082 2483 1222 2539 σκοπεῖτε
1233 2508 1274 2516 -

360 2582 414 2642 Αἱ.
436 2580 467 2643 8:
491 2585 528 2648 οὐ
551 2581 650 2671 κριταὶ
668 2626 695 2639 ··
713 2581 800 2648 ιἰλλὰ
823 2580 1026 2656 δοξασταῖ-

361 2691 414 2749 Ai.
438 2687 469 2748 9:
492 2687 732 2775 διαγιγνώσκειν
749 2730 776 2744 ··
795 2684 992 2762 διαδοὲιῖζειν
1003 2721 1044 2730 -

362 2795 421 2855 Od.
445 2793 496 2854 14:
520 2792 675 2877 δεσμεύειν
693 2836 719 2850 ··
739 2792 959 2880 Ζευγνύναι-

356 3007 491 3074 Ὅπλων
514 3012 616 3095 κρίσις
632 3011 796 3067 certarnen
810 3024 976 3065 armorum
991 3008 1202 3066 notissimum
1217 3007 1404 3080 saepissime

321 3118 494 3173 tractatum
509 3118 557 3172 est
572 3118 639 3172 tarn
654 3130 672 3171 a
687 3111 817 3172 Graecis
833 3130 931 3188 quam
942 3129 960 3170 a
972 3110 1098 3171 Latinis
1110 3112 1223 3185 poetis.
1247 3109 1405 3169 Omnium

321 3222 447 3294 primus
480 3218 644 3295 Homerus
676 3221 840 3276 certarnen
872 3217 957 3302 illud
980 3217 1250 3274 commemoravit
1274 3214 1332 3274 Od.
1355 3215 1404 3273 XI

321 3342 368 3384 vs.
396 3321 571 3396 tta-565,
603 3324 660 3381 ubi
693 3321 808 3382 Ulixes
838 3323 874 3379 in
907 3321 988 3380 Orco
1019 3319 1164 3379 animam
1191 3322 1302 3379 Aiacis
1324 3319 1405 3392 adit,

322 3431 425 3490 solam
447 3432 627 3505 iratamque
643 3433 715 3502 post
729 3425 902 3500 indignum
917 3425 1078 3486 iudicium
1093 3445 1157 3504 quo
1172 3425 1305 3501 Trojani
1317 3444 1406 3485 arma

321 3535 461 3595 Achillis
483 3538 711 3594 concesserunt
732 3531 836 3601 Ulixi;
857 3532 986 3593 blandis
1007 3550 1096 3591 nunc
1112 3532 1219 3591 verbis
1233 3531 1339 3591 Aiacis
1354 3550 1405 3592 su-

322 3641 468 3717 perbiam
500 3639 650 3714 mitigare
682 3642 831 3711 conatur,
854 3643 890 3696 ut
912 3644 983 3713 post
1008 3642 1147 3697 mortem
1168 3638 1302 3696 tandem
1325 3640 1406 3696 iram

323 3744 462 3820 deponat
484 3779 525 3788 —
545 3745 666 3805 frustra
686 3743 764 3803 facit
785 3744 899 3818 verba,
922 3743 1007 3802 Aiax
1029 3742 1110 3802 nihil
1132 3743 1314 3820 respondet.

363 3849 536 3908 Certamen
557 3848 640 3907 illud
663 3849 741 3908 inde
757 3854 880 3921 ortum,
897 3849 984 3925 quod
1000 3853 1030 3906 et
1046 3848 1132 3907 Aiax
1148 3853 1180 3906 et
1190 3848 1305 3909 Ulixes
1317 3868 1407 3924 prae-

323 3952 427 4012 mium
448 3951 565 4013 servati
580 3953 722 4013 Achillis
737 3952 879 4029 corporis
894 3953 1094 4030 propositum
1109 3954 1171 4014 sibi
1184 3954 1406 4028 vindicabant,

270 4256 273 4260 ,
356 4203 378 4266 ¹)
412 4221 468 4256 uc.
487 4207 526 4254 Αἱ.
545 4208 665 4254 2-4-5.
700 4206 747 4255 Od.
765 4207 984 4256 6-11-12-13.
1018 4209 1052 4255 cf.
1072 4207 1154 4256 Blass.
1172 4208 1199 4255 ll.
1217 4222 1242 4271 p.
1259 4209 1315 4256 343.

355 4294 378 4357 ²)
411 4297 449 4354 cf.
468 4297 514 4344 Od.
532 4299 558 4344 3:
591 4297 730 4354 ἀποκαλεῖς
747 4296 887 4360 ἱερόσυλον.
923 4300 948 4344 9:
964 4296 1080 4363 μέλλοιμι
1097 4299 1157 4355 τούς
1176 4298 1312 4362 πολεμίους
1330 4299 1408 4348 κακόν

325 4406 349 4436 τι
365 4385 475 4449 δράσειν.
494 4387 535 4435 Ai.
553 4387 578 4434 4:
596 4387 653 4450 περὶ
671 4387 761 4452 ἀρετῆς
778 4387 872 4450 κρίνειν
890 4386 1033 4453 ἐπέτρεψαν
1048 4414 1082 4423 -
1098 4391 1148 4437 cet.

1248 4475 1285 4537 6*
