3458 5182
840 391 878 453 19

315 578 382 633 tem
414 578 544 633 revocat
576 573 685 632 locum
719 591 759 632 ex
791 571 1021 648 Xenophontis
1050 572 1222 650 Symposio
1245 573 1290 634 ΙΙ.
1312 573 1361 636 26.
1377 573 1400 652 ¹)

316 680 462 757 Utroque
491 681 584 738 enim
616 678 687 739 loco
718 679 944 752 admonemur,
977 698 1018 739 ne
1051 683 1179 755 magnis
1210 680 1337 756 poculis
1367 683 1402 739 in

316 787 469 846 convivio
501 791 647 858 utamur,
662 824 664 829 -
680 789 717 844 ut
748 785 937 844 ebrietatem
970 786 1194 845 evitemus-
1214 786 1334 845 melius
1355 791 1404 847 est

317 893 457 951 minutis
488 895 520 950 et
552 891 737 950 rorantibus
767 892 893 967 poculis
916 894 980 965 uti,
1006 909 1088 968 quae
1111 891 1228 950 leviter
1249 892 1403 951 convivas

317 1001 456 1057 irrorant
479 994 561 1074 (Gic.
573 994 641 1057 Gat.
653 995 718 1075 14),
740 1015 844 1074 quum
865 1015 981 1073 parum
1004 999 1075 1057 vini
1097 1000 1235 1074 capiant.
1257 997 1404 1075 Utroque

318 1103 389 1162 loco
419 1101 565 1162 Socrates
592 1102 739 1179 loquitur
760 1106 792 1161 et
813 1103 950 1162 eandem
973 1102 1041 1161 fere
1063 1105 1258 1163 sententiam
1281 1103 1404 1179 profert

317 1209 358 1268 de
390 1209 461 1295 vini
494 1226 555 1268 usu
587 1208 753 1267 moderato
783 1210 818 1267 in
840 1211 1007 1278 convivio;
1029 1209 1100 1282 sed,
1122 1209 1210 1286 quod
1232 1211 1405 1285 praecipue

318 1315 359 1373 ad
390 1316 614 1391 quaestionem
646 1318 790 1373 nostram
822 1315 973 1388 pertinet,
994 1313 1106 1372 eadem
1129 1315 1268 1387 ratione,
1291 1314 1405 1372 eadem

318 1419 424 1477 forma
447 1417 532 1495 (scil.
554 1416 731 1497 Gorgiana)
754 1420 935 1477 sententiae
958 1424 1264 1479 commemorantur.
1282 1420 1405 1494 Incipit

319 1527 410 1583 enim
437 1524 525 1599 apud
542 1521 795 1599 Xenophontem
812 1522 958 1583 Socrates
980 1523 1042 1583 hoc
1064 1525 1178 1584 modo:
1198 1525 1252 1589 ‘ina
1273 1530 1320 1590 καὶ
1344 1526 1405 1610 ἐγὼ

319 1633 351 1696 ἓν
379 1633 559 1719 Γοργιείοις
579 1627 717 1716 ῥήμασιν
743 1628 827 1695 εἴπω.
869 1628 1009 1688 Videtur
1039 1635 1149 1704 autem
1173 1629 1318 1691 Socrates
1340 1647 1405 1687 non

319 1741 365 1797 ita
387 1753 465 1797 usus
485 1754 554 1796 esse
575 1736 700 1812 aliquot
722 1735 831 1795 verbis
845 1733 996 1808 Gorgiae,
1013 1740 1049 1794 ut
1063 1736 1268 1796 auditoribus
1284 1735 1406 1796 Galliae

318 1845 458 1920 aliisque
489 1840 735 1916 gratificaretur,
769 1840 825 1899 sed
858 1844 893 1898 ut
922 1858 994 1898 eum
1026 1847 1200 1917 pungeret,
1231 1843 1288 1919 qui
1312 1843 1406 1900 istius

320 1950 529 2009 institutione
551 1949 724 2023 praecipue
746 1946 969 2019 delectaretur,
992 1946 1236 2008 Antisthenem.

361 2054 412 2112 Ex
444 2053 565 2130 quihus
591 2053 791 2111 testimoniis
817 2050 890 2110 Joel
913 2051 947 2110 ll.
970 2050 1087 2111 haecce
1109 2052 1149 2111 ad
1171 2071 1241 2112 rem
1263 2058 1406 2112 nostram

320 2162 532 2237 pertinentia,
559 2158 739 2217 concludit:
762 2157 802 2215 ln
826 2157 1027 2233 Protreptico
1049 2157 1177 2232 dialogo
1192 2158 1407 2219 Antisthenes

320 2268 439 2341 partim
462 2263 598 2337 Gorgiae
620 2263 822 2339 discipulum
844 2265 964 2339 partim
980 2262 1181 2324 Socraticum
1197 2282 1230 2325 se
1245 2266 1407 2340 praebuit;

320 2374 388 2429 erat
419 2369 568 2443 dialogus
601 2367 658 2445 (ci.
691 2367 889 2447 Diogenem)
922 2373 954 2428 et
986 2368 1120 2445 quidem
1145 2367 1327 2430 Socraticus
1350 2369 1407 2447 (cf.

321 2476 419 2536 Mem.
444 2473 530 2548 Ι,4,
553 2472 580 2534 1.
625 2473 674 2533 Id.
698 2472 754 2547 IV,
780 2473 808 2534 2.
850 2473 972 2533 Athen.
995 2473 1044 2552 ll.)
1087 2473 1205 2535 Verbis
1225 2475 1407 2542 ἵνα-εἴπω

320 2581 505 2656 significare
526 2580 659 2639 videtur
681 2578 827 2639 Socrates
849 2579 1093 2654 Antisthenem,
1109 2582 1177 2658 qui,
1194 2586 1231 2640 ut
1244 2581 1408 2656 Diogenes

320 2689 420 2747 tradit
440 2688 476 2752 τὸ
497 2684 667 2776 ῥητορικὸν
688 2681 773 2761 εἶδος
794 2684 974 2758 adamavit,
997 2684 1149 2760 Gorgiam
1172 2690 1312 2746 secutus.

361 2793 422 2853 Gui
445 2794 506 2851 arti
529 2794 671 2851 maxime
693 2790 871 2852 indulsisse
887 2789 1050 2866 Oynicum
1066 2789 1223 2851 Stobaeus
1234 2791 1262 2869 ²)
1278 2810 1408 2869 quoque

319 2903 468 2959 testatur:
498 2897 713 2959 Antisthenes
746 2899 961 2971 interrogatus
992 2897 1189 2974 aquodam,
1215 2915 1279 2974 qua
1300 2899 1408 2957 erudi·

320 3006 408 3064 tione
431 3003 500 3062 filio
522 3021 603 3079 opus
626 3008 722 3076 esset,
748 3003 809 3062 hoc
830 3002 1036 3078 respondisse
1058 3003 1175 3062 fertur:
1199 3005 1221 3067 si
1243 3002 1304 3085 μὲν
1320 3007 1408 3079 θεοῖς

318 3110 425 3194 μέλλει
448 3106 608 3194 συμβιοῦν
624 3108 806 3195 φιλόσοφον
818 3104 965 3186 (δίδαξον
979 3108 1102 3186 αὐτὸν),
1118 3111 1141 3172 εἶ
1158 3104 1188 3173 δὲ
1206 3107 1405 3196 ἀνθρώποις,

319 3215 450 3303 ῥήτορα.
476 3215 607 3287 ¹Obiter
634 3233 814 3275 memorare
841 3215 933 3275 lubet
954 3215 1188 3275 Antisthenem
1210 3215 1406 3274 rhetoricam

320 3331 422 3382 artem
455 3341 521 3383 non
546 3322 656 3382 solum
679 3322 850 3395 didicisse,
872 3322 929 3382 sed
952 3340 1023 3381 eam
1046 3341 1176 3400 quoque
1199 3323 1348 3382 docuisse
1371 3325 1406 3381 in

320 3430 429 3490 schola
451 3436 548 3507 atque
570 3446 704 3506 parcum
725 3428 886 3488 nrinerval
908 3430 1010 3486 trium
1033 3433 1225 3505 quattuorve
1241 3430 1406 3487 minarum

320 3555 338 3594 a
360 3536 532 3612 discipulis
554 3536 763 3612 quaesivisse.
779 3534 806 3611 ³)

361 3639 1403 3712 QuamdiuAntisthenesrhetoricamexcercuerit,incertumest.

469 3788 564 3798 ..ι---

353 3865 376 3929 l)
411 3867 479 3916 Sunt
506 3867 586 3916 verba
611 3866 741 3916 Socratis:
765 3866 799 3927 ὴν
819 3865 843 3916 δὲ
862 3865 924 3931 ἡμῖν
947 3866 971 3915 oi
992 3865 1081 3924 παῖδες
1100 3869 1200 3930 μικραῖς
1219 3867 1301 3922 κύλιξι
1321 3869 1406 3917 πυκνὰ

320 3956 505 4022 ε’πιψειιάζωσιν
517 3955 569 4018 (ἵνα
587 3956 629 4004 καὶ
647 3953 695 4021 ἐγὼ
713 3956 741 4004 ἐν
759 3955 894 4019 Γοργιείοις
911 3953 1023 4019 ρίιμιισιν
1040 3955 1118 4016 εἴπω)
1129 3955 1210 4014 οὕτως
1220 3957 1250 4004 οὐ
1259 3956 1407 4021 βιαζόμενοι
1462 3963 1464 3967 “

321 4047 373 4097 ὑπὸ
407 4049 452 4096 τοῦ
485 4045 556 4095 οἶνον
584 4046 687 4111 μεθύειν
712 4046 780 4094 ἀλλὰ
808 4045 1007 4109 ἀναπειθόμενοι
1034 4047 1098 4111 πρὸς
1124 4047 1153 4095 τὸ
1181 4046 1407 4111 παιγνιωδέστερον

321 4136 468 4200 ἀφιξόμεθα.
1283 4179 1284 4184 ,

353 4223 377 4286 ²)
412 4225 486 4274 Stob.
503 4225 623 4289 Appond.
640 4239 654 4273 c
674 4225 722 4274 Me.
741 4224 808 4274 Flor.
825 4239 868 4286 ap.
886 4224 947 4272 Gais
965 4225 1000 4284 ci,
1019 4224 1046 4272 T.
1066 4224 1110 4285 IV,
1124 4239 1148 4288 p.
1162 4225 1407 4275 ll.—Winckelm.

321 4330 346 4378 p.
368 4317 406 4363 66.
424 4341 456 4350 -
473 4315 531 4363 Joel
558 4331 583 4379 p.
600 4315 647 4363 354
665 4318 703 4364 nt.
723 4315 745 4363 1.
762 4314 873 4364 confert.
891 4313 968 4365 Mem.
988 4314 1033 4373 IV,
1051 4315 1074 4374 6,
1093 4316 1131 4362 15.

353 4403 376 4467 ³)
411 4406 519 4456 [socrat.
536 4406 568 4454 de
585 4405 657 4470 soph.

1247 4493 1285 4558 2.
