3458 5182
893 343 932 406 86

372 532 404 586 et
436 529 681 614 considerandis
713 547 875 588 summam
908 532 1041 589 navavit
1068 548 1213 606 operam,
1235 529 1344 589 Ulixis
1367 531 1456 603 inge-

373 637 428 692 nio
441 635 467 714 ¹)
489 653 525 694 ac
541 635 656 710 peritia
667 640 856 711 superatum
868 654 936 696 esse
951 637 1051 695 robur
1072 641 1103 695 et
1125 637 1223 696 rudes
1244 634 1352 694 Aiacis
1373 633 1457 693 vires

372 740 496 813 docuit,
527 741 693 801 Achillem
707 741 735 816 2)
757 759 901 819 quoque,
924 743 964 800 de
987 741 1078 801 cuius
1101 741 1198 801 armis
1220 741 1376 816 litigatur,
1399 739 1457 798 sibi

372 866 467 907 curae
493 847 593 908 fuisse
615 848 742 924 saepius
764 847 914 907 ostendit.
958 848 1056 906 Porro
1078 847 1371 922 argumentatione,
1393 864 1457 923 qua

374 959 549 1031 utrumque
572 955 704 1012 heroem
720 956 760 1013 ad
776 953 958 1030 praemium
973 953 1188 1013 obtinendum
1205 958 1352 1012 utentem
1367 953 1456 1024 facti,

372 1077 502 1134 prorsus
523 1061 592 1118 fere
620 1061 660 1118 ad
680 1059 839 1133 originem
856 1059 1064 1119 Homericam
1082 1059 1182 1128 redit;
1200 1077 1303 1135 pauca
1323 1057 1457 1136 quidem

372 1183 388 1223 e
404 1165 576 1224 traditione
591 1165 827 1240 posthomerica
842 1166 1075 1238 desumuntur,
1091 1166 1148 1224 sed
1163 1166 1357 1241 plerumque
1373 1163 1458 1223 facta

371 1271 411 1329 ab
445 1275 581 1347 utraque
613 1277 703 1346 parte
736 1270 876 1330 vicissim
905 1276 1094 1330 enumerata
1119 1289 1136 1330 e
1169 1271 1259 1329 fonte
1285 1268 1342 1329 illo
1369 1287 1457 1344 repe·

371 1379 470 1436 tenda
491 1382 577 1438 sunt.
600 1377 815 1453 Frequenter,
833 1375 859 1435 si
875 1375 1183 1452 potest,sententiae
1205 1375 1249 1435 ita
1270 1374 1458 1451 exprimun-

371 1487 440 1554 tur,
469 1487 506 1539 nt
533 1483 574 1540 ad
596 1482 877 1557 philosophemata
898 1482 1093 1558 proferenda
1113 1484 1204 1541 locus
1226 1483 1329 1541 detur.
1366 1481 1459 1540 Nova

373 1590 481 1647 denuo
503 1587 625 1647 ratione
649 1587 862 1648 Antisthenes
885 1586 1135 1646 Homerieorum
1157 1587 1339 1646 carminum
1361 1605 1458 1645 usum

372 1693 526 1752 adhibere
541 1693 689 1752 videtur:
715 1694 877 1768 prodeunt
891 1693 924 1752 in
940 1710 1088 1752 scaenam
1104 1694 1169 1751 duo
1188 1691 1364 1768 principes,
1380 1711 1458 1769 quo·

372 1818 446 1857 rum
479 1800 650 1875 utriusque
682 1798 824 1870 indoles,
848 1798 1015 1874 utriusque
1038 1816 1143 1857 mores
1174 1804 1206 1856 et
1230 1799 1315 1856 facta
1340 1797 1458 1882 cuique

373 1901 540 1964 notissima
554 1909 630 1963 sunl
653 1909 684 1963 et
696 1904 809 1962 morali
832 1903 1026 1978 philosopho
1046 1905 1098 1963 vel
1114 1903 1284 1963 utilissima
1300 1905 1457 1979 exempla.

373 2009 435 2070 Ubi
464 2011 598 2069 tandem
630 2010 845 2086 philosophus
876 2009 932 2068 ille
964 2008 1122 2084 insignius
1144 2009 1262 2069 artium
1284 2009 1459 2069 discrimen

373 2119 428 2173 aut
450 2115 661 2175 efficaciorem
683 2135 811 2174 morum
835 2115 1022 2175 varietatem
1044 2115 1188 2174 iuvenire
1210 2115 1337 2190 potuit?

415 2219 478 2277 Sed
510 2219 574 2279 iam
607 2220 682 2279 satis
713 2255 754 2263 —
784 2226 987 2281 transeamus
1009 2222 1050 2279 ad
1072 2220 1231 2280 orationes
1252 2220 1336 2296 ipsas
1358 2220 1459 2279 consi-

373 2324 542 2384 derandas.

414 2749 526 2808 Prodit
547 2749 646 2822 Aiax,
668 2749 816 2826 queritur
837 2750 925 2826 quod
941 2749 1097 2809 iudicium
1112 2750 1152 2808 de
1169 2749 1224 2810 lite
1240 2769 1298 2809 sua
1313 2753 1458 2812 delatum

374 2852 414 2913 sit
449 2853 487 2914 iis
509 2853 686 2927 iudicibus,
709 2854 765 2931 qui
788 2856 885 2913 rebus
906 2853 984 2930 ipsis
1005 2874 1071 2913 non
1092 2855 1299 2915 interfuerint
1320 2890 1358 2900 -
1382 2857 1458 2916 boni

374 2964 483 3017 autem
527 2960 659 3019 Atridae
692 2961 819 3019 absunt.
869 2960 955 3019 Nam
986 2962 1073 3035 apud
1105 2959 1228 3020 iudices
1260 2966 1335 3036 τοὺς
1368 2958 1459 3027 οὐδὲν

373 3060 495 3139 εἰδότας
528 3063 767 3138 magnificentia
800 3066 975 3125 verborum
1008 3068 1083 3141 plus
1115 3067 1200 3124 valet
1233 3085 1331 3142 quam
1358 3067 1459 3126 virtus

373 3173 523 3244 spectata.
568 3168 707 3242 Sustuli,
740 3169 861 3246 inquit,
895 3188 1010 3245 corpus
1042 3170 1197 3245 Achillis,
1230 3191 1318 3231 arma
1349 3181 1458 3233 autem

373 3273 448 3346 iste,
481 3293 556 3333 cum
589 3274 684 3334 sciret
715 3275 872 3349 TroJ‘anos
904 3295 970 3335 non
1003 3281 1068 3334 tam
1102 3295 1190 3335 arma
1222 3296 1321 3354 quam
1343 3295 1459 3353 corpus

374 3379 604 3454 concupivisse.
622 3380 746 3455 Corpus
768 3379 866 3453 enim,
888 3380 1039 3441 Hectoris
1064 3387 1202 3441 mortem
1218 3382 1328 3456 ulturi,
1344 3381 1459 3441 violas-

374 3489 446 3543 sent
467 3484 612 3560 TroJ‘ani3
627 3504 716 3545 arma
732 3492 843 3546 contra
858 3488 1028 3559 celassent,
1046 3487 1181 3547 Palladii
1197 3486 1277 3547 furti
1292 3488 1458 3548 recordati.

407 3805 429 3867 ¹)
453 3807 510 3853 Iam
535 3806 614 3854 semel
641 3807 730 3854 Ulixes
755 3808 804 3865 τὴν
821 3807 926 3856 σύνεσιν
951 3807 1075 3855 advorsus
1100 3808 1148 3866 τὴν
1164 3807 1286 3872 ἀνδρείαν
1305 3811 1429 3871 (Achillis
1439 3812 1459 3872 l)

373 3895 542 3953 defenderat,
559 3900 590 3942 ut
607 3899 721 3944 testatur
738 3895 818 3945 schol.
837 3897 884 3947 Od.
903 3896 979 3956 VllI,
997 3911 1033 3945 vs.
1051 3898 1157 3948 75-82.
1185 3925 1213 3932 -
1231 3899 1266 3949 cf.
1285 3899 1391 3960 Preller,
1414 3900 1458 3947 Gr.

374 3985 459 4046 Myth.
479 3984 514 4044 ΙΙ,
532 4000 558 4048 p.
577 3986 633 4033 309.

407 4072 430 4136 ²)
453 4074 488 4123 cf.
505 4075 660 4125 Winckelm.
677 4076 772 4136 fragm.
790 4090 815 4138 p.
835 4077 879 4134 16,
898 4077 964 4124 4.-
981 4091 1005 4139 p.
1026 4077 1063 4136 18,
1082 4077 1104 4123 6.
1122 4104 1154 4111 —
1170 4091 1195 4139 p.
1214 4076 1258 4136 24,
1280 4079 1291 4124 l
1312 4077 1406 4140 (schol.
1424 4078 1459 4126 ad

375 4163 422 4215 Od.
445 4163 471 4223 l,
499 4165 537 4225 1),
563 4163 608 4211 ubi
630 4164 745 4212 Achilles
761 4165 905 4227 opponitur
924 4165 1012 4225 Ulixi,
1036 4180 1114 4227 quem
1131 4171 1162 4213 ut
1180 4181 1281 4229 semper
1297 4167 1340 4216 hic
1356 4182 1459 4230 quoque

375 4253 496 4302 defendit
522 4254 703 4303 Antisthenes.
730 4282 762 4288 -
787 4254 821 4304 cf.
848 4255 906 4303 Joel
931 4255 957 4305 ll.
983 4271 1007 4318 p.
1026 4257 1073 4304 388
1096 4258 1134 4306 nt.
1160 4257 1187 4314 l,
1212 4270 1236 4318 p.
1255 4257 1309 4306 404.
1329 4257 1457 4306 Duemml.

374 4345 437 4393 Ant.
454 4356 480 4404 p.
498 4344 536 4392 31.
