3458 5182
838 409 877 472 37

316 595 419 668 ὄντως
445 594 583 676 νόμισμα
606 591 871 680 παραχαράττων,
891 585 987 673 μηδὲν
1010 587 1092 654 οὕτω
1114 597 1183 664 ταῖς
1205 589 1281 653 κατὰ
1303 591 1405 672 νόμον

233 706 235 710 ’
317 701 362 775 ὡς
385 707 454 774 τοῖς
476 700 669 784 κατὰφύσιν
691 693 810 772 διδούς.
844 694 950 770 Igitur
964 713 1068 772 quum
1088 700 1236 754 naturam
1252 699 1405 772 sequatur

318 804 463 880 Cynicus
493 809 569 879 τοὺς
601 805 723 886 νόμους
754 799 950 874 contemnit,
983 818 1065 878 qnos
1096 819 1163 860 non
1189 801 1296 861 solum
1318 802 1406 875 leges

318 910 455 971 civitatis
495 908 661 984 intelligit,
704 909 760 969 sed
800 907 898 967 etiam
937 925 1043 967 mores
1079 911 1111 966 et
1146 907 1405 980 consuetudines

318 1020 507 1101 „opimam
542 1033 625 1093 quae
659 1013 770 1074 omnia
804 1017 841 1072 ut
875 1013 1038 1072 adulteret
1072 1015 1180 1086 homo,
1211 1015 1338 1087 suadet,
1370 1020 1407 1073 ut

317 1123 452 1183 tandem
489 1139 571 1199 quae
611 1138 688 1180 vera
724 1124 801 1178 sunt
839 1124 1067 1196 consequatur:
1107 1117 1339 1209 παραχάραξου
1371 1123 1407 1186 τὸ

318 1231 464 1312 νόμισμα.
486 1226 551 1286 Sed
572 1227 652 1285 haec
674 1226 841 1285 hactenus.
864 1224 1043 1284 Idtantum
1055 1224 1176 1285 fusiore
1191 1226 1251 1286 hac
1265 1225 1407 1302 disputa-

318 1333 406 1394 tione
416 1333 570 1412 consequi
579 1332 677 1406 volui,
685 1338 722 1393 nt
733 1332 937 1392 ostenderem
950 1337 1110 1409 quantum
1124 1333 1260 1393 valuerit
1269 1333 1408 1411 Hippiae

318 1445 527 1518 praeceptum
560 1440 600 1498 de
633 1442 724 1526 φύσει
745 1444 777 1498 et
798 1441 885 1525 viae
917 1439 1005 1515 apud
1031 1438 1185 1514 Cynicos,
1218 1440 1243 1500 si
1275 1441 1409 1518 quidem

319 1544 751 1624 Duemmlernsaliiqueviri
765 1546 850 1606 docti
859 1545 929 1604 iure
938 1546 1038 1605 hoece
1047 1554 1256 1624 praeceptum
1270 1548 1409 1625 Hippiae

319 1652 524 1731 potissimum
552 1651 712 1712 tribuunt.
755 1652 825 1723 Quo
847 1656 1031 1728 praecepto,
1055 1652 1134 1729 quid
1156 1654 1291 1713 demum
1313 1654 1409 1729 signi-

319 1757 464 1818 ficaverit
489 1757 719 1831 Antisthenes,
747 1761 784 1816 ut
811 1756 942 1833 planius
969 1759 1128 1834 aperiam,
1155 1759 1260 1836 ipsam
1281 1760 1410 1821 Weberi

319 1862 514 1924 sententiam
534 1863 657 1922 referre
678 1861 785 1923 liceat:

360 1968 449 2042 „Neo
481 1986 558 2027 vero
589 1967 697 2028 solum
718 1967 760 2027 ad
789 1966 891 2042 ipsius
913 1966 1051 2043 Cynicae
1075 1967 1158 2028 vitae
1179 1970 1332 2046 rationes,
1354 1973 1409 2032 sed

320 2073 418 2134 etiam
438 2074 479 2132 ad
501 2071 695 2150 praescripta
716 2070 866 2148 physica,
889 2071 1008 2147 ethica,
1025 2072 1170 2149 politica,
1184 2076 1226 2134 ad
1237 2077 1412 2137 verborum

319 2178 620 2256 interpretationem
652 2182 764 2254 utpote
796 2181 886 2265 φύσει
916 2184 1068 2238 natorum
1090 2185 1122 2240 et
1142 2199 1253 2241 rerum
1275 2183 1414 2259 explica-

321 2288 459 2361 tionem,
475 2284 594 2363 qnibus
610 2285 763 2362 quodque
775 2303 897 2344 nomen
908 2283 1099 2361 impositum
1110 2291 1173 2361 est,
1187 2288 1212 2366 ¹)
1225 2287 1266 2347 ad
1277 2288 1414 2349 Homeri

321 2391 623 2468 interpretationem
646 2390 794 2451 notiones
815 2391 890 2451 illae
912 2391 1094 2452 maximnm
1114 2393 1256 2455 valent.''
1279 2394 1323 2473 (p.
1349 2393 1414 2474 98).

364 2603 428 2664 Sed
440 2604 519 2663 haec
531 2603 571 2662 de
584 2600 802 2678 sophistarum
813 2601 936 2662 ratione
948 2601 1115 2662 dictasint.
1130 2601 1282 2663 Vidimus
1291 2602 1416 2680 sophis·

322 2717 432 2771 tarum
447 2714 531 2768 artes
547 2712 578 2767 et
590 2706 774 2784 disciplinas
784 2709 838 2767 vel
850 2711 993 2767 maxime
1005 2708 1144 2770 valuisse
1156 2710 1197 2769 ad
1208 2709 1415 2770 Antisthenis

323 2814 542 2877 eruditionem
566 2814 835 2873 conformandam
854 2819 885 2874 et
905 2814 1154 2891 perficiendam,
1167 2814 1323 2891 vidimus,
1336 2815 1416 2894 quid

324 2921 462 2997 singulis
484 2919 703 2997 sophistarum
726 2919 761 2979 in
782 2919 1004 2997 eloquentiam
1023 2921 1056 2981 in
1068 2921 1218 2982 scientias
1229 2921 1263 2980 in
1276 2922 1416 2998 philoso-

323 3029 433 3106 phiam
455 3025 580 3087 meritis
596 3024 752 3085 debuerit.
785 3025 839 3084 Ad
860 3025 1030 3101 ingenium
1053 3026 1122 3086 eius
1144 3028 1363 3087 excolendum
1385 3033 1418 3088 et

324 3133 559 3211 expoliendum
596 3130 735 3191 nimium
772 3137 933 3209 quantum
970 3134 1123 3193 valebant
1163 3133 1351 3209 Protagoras
1386 3138 1418 3194 et

208 3260 209 3264 ’
326 3240 474 3316 Gorgias,
502 3239 647 3298 multum
679 3234 836 3298 Prodicus
869 3244 901 3297 et
933 3238 1079 3315 Hippias.
1122 3239 1164 3299 Et
1195 3258 1311 3299 verum
1334 3258 1418 3330 esse,

327 3347 416 3425 qnod
454 3343 611 3417 diximus,
643 3346 870 3404 auctoritatem
903 3344 1023 3404 scilicet
1052 3344 1269 3421 sophistarum
1298 3345 1419 3423 ubique

328 3451 477 3528 agnosci,
499 3450 646 3510 omnium
662 3449 821 3509 librorum
835 3450 1018 3525 fragmenta
1033 3450 1109 3511 satis
1121 3452 1300 3525 declarant,
1314 3471 1419 3527 gram-

327 3558 444 3619 matica
466 3562 498 3618 et
519 3556 679 3616 rhetorica
691 3555 798 3617 studia
809 3556 980 3634 praecipue
993 3558 1159 3618 denotant.
1185 3558 1237 3618 Hx
1248 3560 1377 3620 duobus
1388 3566 1420 3620 et

329 3663 495 3739 sexaginta
517 3660 606 3722 enim
626 3659 778 3738 operibus
794 3661 1045 3737 Antisthenicis,
1066 3680 1207 3740 quorum
1226 3663 1315 3724 tituli
1326 3664 1421 3726 nobis

327 3771 541 3831 innotuerunt
562 3767 637 3844 plus
658 3784 756 3843 quam
778 3765 911 3842 triginta
933 3787 969 3828 ea
990 3767 1097 3828 studia
1117 3774 1272 3845 spectant.

371 3874 549 3952 Reliquum
581 3876 630 3932 est
667 3875 704 3931 ut
741 3871 805 3931 iam
841 3872 926 3932 illud
964 3892 1171 3951 quaeramus,
1207 3876 1296 3953 quod
1330 3874 1421 3935 initio

330 3977 593 4060 praeposuimus,
617 3995 699 4036 num
722 3976 801 4053 quid
823 3978 1044 4054 disputatione
1061 3986 1171 4040 nostra
1185 3981 1421 4057 profecerimus

330 4092 371 4150 ad
393 4088 557 4148 iudicium
579 4085 755 4143 ferendum
777 4085 817 4144 de
829 4086 1120 4148 declamationibus
1135 4087 1243 4149 Aiacis
1260 4093 1291 4148 et
1305 4087 1420 4162 Ulixis,

331 4213 413 4274 quae
435 4194 520 4253 inter
540 4193 723 4266 fragmenta
739 4190 970 4253 Antisthenica
991 4195 1087 4269 longe
1109 4195 1291 4255 maximum
1311 4195 1422 4256 locum

367 4435 390 4501 ¹)
426 4439 461 4488 ci.
481 4438 640 4488 Duemmler.
659 4437 776 4487 Exercit.
793 4440 931 4500 grammat.
948 4451 1016 4501 spec.
1034 4451 1059 4501 p.
1077 4438 1107 4485 54
1125 4451 1163 4500 aq.
