3458 5182
871 334 911 398 88

388 514 512 589 Objicit
542 515 619 573 dein
651 515 761 588 Aiaci,
794 519 852 594 qui
884 522 1015 594 propter
1036 522 1200 578 servatum
1222 532 1294 577 ase
1316 535 1432 593 corpus

348 620 492 678 Achillis
527 625 694 697 tantopere
729 640 762 681 se
797 625 908 696 iactat,
944 625 1026 683 dnos
1058 626 1217 681 nimirum
1250 625 1337 682 viros
1367 623 1432 681 tale

347 743 430 813 onus
457 726 640 801 deportasse
669 745 777 802 posse,
804 727 961 803 Trojanos
986 734 1096 788 autem
1118 748 1207 787 arma
1228 746 1295 786 non
1316 745 1432 804 corpus

346 833 554 907 potissimum
576 835 814 908 concupivisse.
848 832 1006 912 (ll-12).

388 937 554 1015 Denique,
591 940 716 1015 inquit,
749 941 877 999 invidia
909 946 941 999 et
973 942 1138 1015 imperitia
1169 940 1313 1008 laboras;
1346 941 1432 998 vires

346 1047 475 1102 tantum
517 1043 616 1102 habes
656 1045 768 1117 rudes,
811 1046 889 1104 inde
926 1050 957 1104 te
992 1045 1112 1104 fortem
1147 1046 1338 1117 existumas,
1375 1045 1432 1104 sed

346 1150 490 1206 nimium
517 1149 614 1207 distat
636 1152 671 1207 in
692 1150 779 1208 bello
801 1151 897 1209 fortis
919 1152 1037 1209 militis
1059 1151 1173 1208 alacris
1194 1152 1369 1225 prudentia
1391 1151 1431 1210 ab

347 1273 383 1313 ea
404 1272 503 1331 quarn
525 1258 560 1312 tu
584 1257 681 1313 iactas
702 1255 841 1324 ferocia;
863 1290 904 1298 -
925 1258 1040 1314 merito
1062 1257 1171 1333 itaque
1193 1257 1282 1315 idem
1304 1259 1432 1331 sapiens

345 1364 440 1435 poeta
460 1362 523 1436 qui
546 1361 662 1418 merita
684 1377 755 1418 mea
781 1360 931 1432 extollet,
960 1365 992 1418 te
1014 1361 1115 1419 asinis
1137 1359 1189 1417 vel
1211 1359 1319 1419 bubus
1340 1361 1431 1418 simi-

345 1465 412 1523 lem
434 1465 530 1524 dicet.

384 1675 463 1734 Aias
484 1675 580 1734 heros
601 1677 641 1734 ab
661 1675 793 1734 Achille
814 1676 978 1735 secundus
994 1677 1115 1734 virtute
1130 1693 1166 1733 ae
1182 1675 1293 1733 indole
1309 1675 1431 1734 nobilis

343 1799 418 1856 prae
451 1782 605 1840 omnibus
638 1786 685 1840 est
717 1784 872 1868 ἱσχυρός;
897 1781 1040 1856 prudens
1062 1799 1192 1858 quoque
1215 1786 1247 1839 et
1267 1779 1430 1839 facundus

343 1889 434 1959 satis,
466 1888 493 1946 sl
526 1905 577 1946 res
602 1889 757 1962 postulat,
785 1889 912 1947 concise
942 1893 1053 1947 tamen
1086 1888 1233 1963 loquitur
1248 1889 1283 1962 ¹).
1335 1885 1430 1944 Hane

344 1993 491 2051 indolem
511 1992 623 2053 Aiacis
642 1994 681 2051 ab
698 1993 843 2052 Homero
857 1995 1011 2053 traditam
1026 1999 1138 2052 auctor
1153 1993 1430 2051 declamationum

343 2103 486 2159 servavit
518 2103 554 2159 in
586 2101 798 2169 universum;
826 2101 959 2173 ingenio
981 2105 1091 2158 autem
1114 2087 1291 2172 indulgens
1312 2116 1429 2174 easque

343 2208 485 2265 rationes
520 2211 665 2278 secutus,
698 2223 777 2282 quas
809 2205 985 2280 poscebant
1016 2206 1136 2280 placita
1168 2204 1318 2278 moralia,
1354 2221 1429 2279 prae

343 2314 458 2370 ceteris
490 2329 544 2370 eos
575 2311 686 2370 Aiacis
718 2328 824 2368 mores
856 2311 997 2383 notavit,
1030 2327 1110 2386 quos
1142 2326 1322 2384 proponere
1348 2309 1429 2367 utile

343 2417 516 2475 videbatur
537 2396 743 2492 philosopho,
776 2417 859 2476 Inde
877 2417 1053 2488 fortitudo,
1069 2415 1220 2490 superbia
1235 2412 1428 2493 (nobilitas),

341 2522 464 2595 gloriae
486 2524 620 2597 cupido,
643 2525 836 2598 pertinacia,
860 2523 973 2581 odium
994 2522 1149 2581 adversus
1170 2537 1238 2592 eos,
1255 2522 1311 2596 qui
1327 2520 1428 2578 hono-

315 2674 318 2679 .
341 2646 412 2686 rem
427 2646 523 2686 suurn
539 2629 716 2702 laeserunt,
733 2634 769 2687 ut
784 2630 864 2687 fecit
880 2627 1009 2701 Ulixes,
1022 2629 1194 2703 praecipue
1208 2628 1244 2684 in
1256 2626 1317 2684 hoc
1329 2625 1428 2684 Aiace

305 2779 308 2785 .
342 2738 590 2805 cognoscuntur.
644 2735 719 2809 Ipsa
750 2736 875 2792 virium
906 2735 1106 2792 conscientia
1136 2732 1254 2804 fretus,
1297 2732 1428 2807 quietus

341 2839 460 2910 animi,
494 2839 621 2912 integer
653 2857 688 2897 ac
719 2839 875 2897 honestus
898 2838 1035 2897 insidias
1056 2841 1089 2895 et
1110 2837 1202 2895 dolos
1223 2840 1428 2912 aspernatur,

341 2946 399 3020 qui
422 2946 556 3015 struxit,
580 2961 656 3001 eum
679 2942 880 3018 implacabili
904 2943 979 3002 odio
1001 2944 1214 3018 persequitur.

381 3046 495 3107 Ulixes
521 3052 633 3106 contra
654 3048 695 3106 ad
717 3051 828 3107 omnia
849 3049 900 3107 vel
924 3048 1146 3105 humilissima
1167 3051 1309 3122 paratus,
1333 3047 1427 3105 dum·

341 3155 438 3212 modo
471 3155 606 3212 consilia
639 3171 696 3213 sua
729 3159 959 3230 consequatur,
988 3154 1138 3211 omnium
1160 3153 1280 3210 artium
1302 3153 1427 3227 peritus

340 3260 518 3334 prudenter
540 3277 668 3334 semper
683 3259 826 3334 perlicit,
843 3259 930 3335 quod
945 3261 981 3316 in
997 3260 1107 3317 animo
1123 3258 1233 3326 habet,
1249 3259 1427 3332 sapientiae

340 3383 376 3423 ac
398 3365 561 3423 sollertiae
584 3365 721 3423 unicum
742 3364 797 3422 dat
819 3363 1008 3438 exemplum
1022 3362 1064 3451 ⁹).

380 3467 410 3527 N
413 3473 561 3528 ectamen
571 3487 686 3545 pravae
701 3473 768 3527 erat
783 3467 905 3526 indolis
917 3467 1004 3542 apud
1015 3466 1212 3537 Homerum,
1228 3483 1289 3525 nec
1298 3483 1427 3542 semper

339 3574 514 3649 prudentia
522 3577 593 3633 eius
600 3574 774 3647 fallacibus
782 3573 906 3632 artibus
918 3572 1167 3631 sustentabatur.
1181 3571 1254 3644 Sed,
1265 3577 1426 3649 quantum

339 3680 374 3736 in
403 3681 573 3756 utriusque
606 3696 741 3754 persona
773 3681 899 3752 postera
927 3680 1097 3750 poetarum
1128 3681 1214 3735 aetas
1235 3678 1425 3750 mutaverit,

339 3802 406 3843 non
418 3802 499 3858 opus
511 3789 558 3842 est
570 3785 678 3843 dicere
688 3807 696 3852 3
708 3784 805 3842 facile
818 3784 907 3840 enim
919 3784 1029 3858 quivis
1047 3782 1150 3840 multa
1161 3782 1261 3853 huius
1273 3783 1425 3840 mutatio-

333 3891 392 3952 nis
415 3893 564 3968 exempla
585 3892 701 3950 afferre
722 3895 842 3966 potest,
868 3890 923 3948 hie
945 3894 1056 3948 autem
1072 3906 1176 3947 unum
1194 3889 1279 3946 illud
1295 3889 1424 3960 insigne

338 3999 517 4057 admodum
543 4001 828 4067 commemoretur,
852 3998 1020 4070 poetarum
1042 4011 1137 4069 opera
1159 4010 1227 4052 esse
1248 3992 1373 4051 factum
1388 3996 1425 4050 ut

368 4161 388 4225 1)
424 4163 456 4212 cf.
482 4163 637 4225 praecipue:
664 4162 695 4211 Il.
720 4161 784 4222 Vll,
811 4163 871 4220 288,
898 4162 953 4210 196.
980 4187 1012 4194 -
1038 4159 1078 4210 Id.
1103 4159 1129 4220 1,
1149 4160 1211 4218 144;
1230 4160 1275 4219 11,
1293 4161 1352 4219 404;
1369 4160 1423 4221 IX,

336 4253 476 4311 catara
495 4252 553 4310 xv,
572 4252 708 4309 soa-513,
727 4252 772 4297 561
792 4264 830 4311 sq,

368 4340 388 4406 ⁷)
423 4342 456 4391 of.
475 4341 573 4390 Preller
589 4341 617 4391 ll.
636 4341 678 4399 II,
695 4355 720 4403 p.
738 4341 794 4389 285.
