3458 5182
845 300 957 411 δι’

319 551 449 611 quoque
489 533 614 592 ferebat
645 532 779 593 Ulixem
815 533 979 607 imprimis
1022 530 1186 600 odiosum,
1229 526 1404 598 callidum,

319 639 432 713 lingua
453 657 552 716 quam
575 657 674 697 manu
697 638 890 696 validiorem
912 655 1023 696 secum
1045 634 1250 694 contendere.
1265 632 1290 709 ¹)

359 744 481 819 Aptam
513 744 578 803 huc
608 744 790 817 analogiam
817 741 933 801 afferre
963 742 1075 800 liceat!
1110 738 1195 798 Nota
1221 742 1267 796 est
1293 735 1405 795 tabula

319 849 359 906 de
383 848 565 907 Palamedis
591 853 623 907 et
649 846 758 907 Ulixis
780 848 866 906 odiis
893 851 925 905 et
946 865 964 904 a
986 845 1247 920 posthomericis,
1270 843 1327 919 qui
1349 858 1404 898 vo-

319 958 443 1027 cantur,
465 956 542 1014 satis
565 954 733 1013 celebrata.
771 953 959 1012 Palamedes
982 952 1130 1026 legitimo
1152 949 1404 1022 iudiciocapitis

320 1059 492 1118 damnatus
513 1076 582 1117 esse
603 1059 722 1130 fertur,
746 1060 834 1136 quod
856 1062 892 1118 in
914 1061 985 1118 eius
999 1059 1140 1116 tentorio
1155 1057 1267 1114 literae
1280 1053 1402 1111 Priami

319 1183 393 1222 cum
411 1182 528 1238 magna
542 1166 695 1239 pecunia,
718 1166 914 1240 proditionis
930 1164 1094 1237 mercede,
1117 1165 1270 1220 inventae
1287 1162 1403 1230 essent,

319 1286 398 1345 quas
421 1271 492 1344 ipso
520 1269 693 1328 Palamede
720 1272 829 1330 nescio
856 1276 888 1329 et
909 1273 1039 1330 insonte
1061 1269 1176 1330 Ulixes
1201 1268 1248 1325 ibi
1271 1267 1403 1324 abscon-

319 1374 442 1432 dendas
464 1380 641 1434 curaverat.
678 1376 868 1436 Palamedes
890 1379 992 1451 igitur
1019 1379 1054 1434 in
1076 1375 1274 1450 proditionis
1300 1372 1402 1446 suspi-

319 1481 449 1538 cionem
460 1479 620 1538 adductus
630 1479 716 1540 dolis
728 1485 760 1539 et
771 1480 940 1540 fraudibus
956 1481 1066 1542 Ulixis
1078 1481 1210 1551 cecidit,
1233 1479 1311 1554 quia
1323 1478 1403 1535 olim

319 1583 468 1657 Ulixem,
490 1603 532 1644 ne
554 1587 590 1643 in
612 1585 738 1644 bellurn
760 1585 939 1661 Troianum
961 1586 1123 1662 proficisci
1151 1585 1297 1653 deberet,
1320 1581 1404 1639 mala

319 1689 435 1749 fraude
459 1693 611 1749 insanum
635 1709 668 1749 se
690 1693 917 1766 simulantem,
939 1695 1047 1768 palam
1069 1693 1137 1750 doli
1160 1687 1346 1760 convicit.²)

360 1796 568 1854 Palamedem
584 1795 661 1854 inde
678 1799 763 1855 inter
777 1800 915 1871 tragicos
927 1797 954 1871 3)
971 1803 1003 1857 et
1017 1798 1228 1874 philosophos
1240 1795 1267 1872 4)
1282 1795 1404 1853 multos

320 1904 485 1960 invenisse
498 1902 685 1962 defensores
697 1921 763 1962 non
776 1905 923 1980 estquod
936 1907 1107 1963 miremur:
1120 1903 1217 1961 facile
1230 1903 1320 1959 enim
1332 1901 1404 1976 qui-

319 2010 369 2066 vis
381 2009 501 2067 sentiet
512 2009 721 2068 manifestam
733 2008 843 2068 Ulixis
858 2009 1010 2068 fraudem
1022 2011 1061 2068 ab
1074 2009 1227 2067 omnibus
1239 2010 1404 2079 contemp-

319 2117 402 2185 tam,
426 2113 610 2171 Palamedis
626 2114 821 2188 probitatem
844 2119 875 2173 et
897 2120 1014 2201 σοφίαν
1029 2115 1193 2174 laudatam
1209 2130 1286 2172 esse.
1310 2111 1403 2169 ldem

319 2218 461 2279 voluisse
484 2221 550 2277 iam
572 2218 726 2294 Gorgiam
748 2223 918 2293 novimus,
944 2223 1001 2297 qui
1024 2221 1301 2294 elegantissimam
1317 2216 1344 2293 ⁶)
1368 2218 1403 2275 in

320 2323 503 2384 Palamedis
529 2326 688 2384 honorem
710 2327 890 2384 orationem
913 2326 1105 2401 composuit.

359 2429 491 2502 Auctor,
523 2432 580 2507 qui
611 2433 773 2489 orationes
794 2429 829 2488 in
851 2449 1017 2490 armorum
1039 2427 1214 2490 certamine
1236 2427 1402 2486 habendas

318 2534 507 2610 conscripsit
528 2537 673 2594 laborem
696 2537 800 2594 multo
823 2535 1041 2595 difficiliorem
1063 2533 1212 2610 suscepit.
1226 2533 1402 2605 ,Adversus

319 2639 465 2710 Aiacem,
499 2659 597 2717 quem
628 2641 720 2699 Plato
742 2641 840 2700 etiam
862 2640 981 2717 pariter
1002 2660 1038 2700 ac
1061 2641 1268 2700 Palamedem
1290 2637 1402 2713 iniquo

318 2743 437 2804 iudicio
459 2744 550 2805 Ulixi
572 2763 640 2806 esse
658 2745 873 2822 postpositum
889 2747 1070 2820 contendit,
1087 2744 1278 2822 patrocinari
1294 2744 1403 2804 studet

350 2996 371 3060 1)
405 2997 513 3046 Ovidius
537 3012 638 3059 quoque
663 2998 734 3048 huno
751 3014 855 3048 sonsum
876 3000 963 3048 Aiacis
984 3013 1108 3062 personae
1129 2999 1238 3062 subjicit
1256 3014 1301 3062 per
1317 3002 1403 3046 totam

318 3088 477 3136 orationem.

349 3175 369 3240 2)
405 3177 447 3226 Sic
464 3178 553 3241 paucis
570 3179 639 3227 hanc
661 3178 797 3227 historiam
814 3184 952 3243 exponunt
971 3180 1063 3242 Heyne
1080 3185 1108 3229 et
1127 3180 1250 3242 Forbiger
1267 3180 1301 3227 ad
1319 3181 1398 3242 Verg.

317 3270 382 3318 Aen.
400 3268 440 3327 11,
458 3269 497 3319 81.

349 3355 369 3420 ι)
404 3356 449 3404 Ita
474 3359 525 3405 iam
551 3356 579 3406 ἐν
605 3362 660 3416 τοῖς
687 3359 814 3421 Κυπρίοις
840 3375 893 3407 rem
919 3361 1111 3423 repraesentari
1137 3360 1272 3424 probabile
1297 3363 1344 3408 cst.
1372 3385 1403 3396 -

317 3447 351 3495 ci.
374 3447 465 3510 Ilurip.
488 3447 585 3498 Palam.
608 3449 642 3497 ir.
665 3450 723 3496 591:
741 3447 875 3510 (Philostr.
898 3449 1014 3509 Hercle,
1032 3465 1057 3513 p.
1075 3452 1131 3499 313.
1152 3451 1191 3513 13)
1209 3450 1243 3508 ὡς
1260 3449 1404 3512 σοφώτερόν

317 3555 342 3585 τε
368 3537 409 3584 καὶ
435 3535 611 3600 ἀνδρειότερον
637 3537 728 3587 ἑαυτοῦ
754 3539 800 3588 τὸν
821 3538 981 3604 Παλαμήδην
1007 3539 1020 3587 ὁ
1047 3538 1182 3597 Ὀδυσσεὺς
1199 3538 1354 3589 ιάπὲκτεινεν
1371 3567 1404 3572 -

317 3624 377 3674 ὅθεν
393 3625 433 3674 καὶ
451 3627 497 3674 τδν
513 3626 612 3689 θρῆνον
629 3629 675 3676 τὸν
692 3626 757 3691 παρ’
776 3626 916 3692 Ἐυριττίδηε
929 3626 1023 3677 ἐκάνετ’
1035 3627 1134 3677 ἐκάνετε
1152 3629 1201 3678 τὰν
1220 3628 1365 3693 πάνσοφον,
1383 3629 1402 3677 ὦ

316 3716 423 3776 Δαναοὶ,
441 3716 490 3764 τὰν
508 3714 764 3777 οὐδέν’ἀλγύνουσαν
781 3715 878 3777 ἀηδόνα
896 3718 1013 3766 Μουσᾶν.

349 3805 369 3868 ⁴)
405 3806 478 3854 Plato
496 3806 585 3869 Apol,
607 3821 632 3870 p.
650 3808 696 3856 41:
718 3807 848 3872 ἐντύχοιμι
866 3806 1014 3872 Παλαμήδει
1032 3809 1073 3858 καὶ
1090 3808 1180 3858 Αἴαντι
1198 3811 1236 3874 τῷ
1253 3809 1403 3873 Τελαμῶνος

317 3897 358 3944 καὶ
376 3896 396 3944 εἴ
415 3915 452 3953 τις
470 3896 551 3953 ἄλλος
568 3901 619 3946 τῶν
637 3899 755 3946 παλαιῶν
773 3898 813 3948 διὰ
831 3898 913 3962 κρίσιν
930 3897 1041 3948 ἄδικον
1058 3898 1189 3959 τέθνηκεν.
1200 3925 1232 3935 -
1244 3900 1312 3949 Xen.
1326 3899 1404 3948 Mem.

318 3985 363 4044 IV,
381 3988 404 4046 2,
422 3987 463 4033 33:
481 3987 518 4034 Τὰ
535 3985 561 4035 δὲ
578 3986 753 4052 Παλαμήδους
770 3989 815 4037 οὐκ
833 3988 946 4049 ἀκήκοας
965 3987 1048 4049 πάθω
1062 3991 1156 4038 τοῦτον
1167 3989 1216 4054 γὰρ
1233 3987 1264 4049 δή
1283 3987 1404 4048 πάντες

318 4073 452 4137 ὑμνοῦσιν,
471 4074 502 4133 ὡς
521 4074 562 4124 διδ
580 4077 673 4141 σοφίαν
691 4078 831 4140 φθονηδε1ς
848 4076 901 4126 ὑπὸ
920 4080 966 4127 τοῦ
984 4076 1124 4137 Ὀδυσσέως
1142 4078 1297 4127 ἀπόλλυται.

350 4163 384 4213 cf.
401 4163 461 4212 Joel
477 4164 504 4213 11.
522 4180 546 4228 p.
564 4167 612 4214 417
630 4181 666 4228 sq.

350 4250 370 4314 ⁶)
404 4253 437 4302 ci.
456 4253 589 4303 Reiskium
601 4257 627 4306 11.
645 4257 725 4320 praei.
741 4259 826 4317 „utin
838 4258 988 4322 archetypis
999 4259 1163 4320 eloquentiae
1174 4273 1281 4321 graecae
1292 4258 1403 4307 forensis

317 4342 471 4393 habeatur.''
