3458 5182
836 349 876 412 89

314 535 434 608 posteri
465 534 523 608 τὴν
545 529 645 620 ὕβριν
666 532 760 592 Aiaci
782 534 992 608 potissimum
1012 532 1241 603 attribuerent,
1264 528 1398 589 Ulixem

314 643 425 697 eontra
446 640 557 698 fraudi
581 640 711 699 dolosae
734 641 906 722 praecipue
928 639 1110 697 obnoxium
1131 637 1305 695 haberent!
1320 635 1345 714 ¹)

355 744 419 804 Sed
448 763 621 822 pergamus
643 745 828 818 ostendere,
852 762 1010 821 quosnam
1034 759 1139 801 mores
1160 747 1272 801 auctor
1294 740 1398 799 decla-

313 853 497 910 mationum
529 852 565 909 in
598 849 712 924 Ulixe,
746 851 926 927 moralibus
948 850 1077 924 placitis
1099 848 1287 918 obsecutus,
1322 863 1397 921 prae
1457 930 1460 934 Δ

313 957 428 1015 ceteris
450 956 649 1016 laudaveritl
940 938 942 942 ’

353 1060 461 1120 Semel
483 1066 580 1138 atque
602 1063 722 1121 iterum
744 1060 859 1121 Ulixes
882 1065 994 1119 monet
1016 1061 1142 1118 indices
1164 1077 1197 1118 se
1213 1059 1397 1116 ultrocom-

313 1168 407 1224 muni
430 1166 528 1226 saluti
550 1168 776 1226 consulentem
800 1167 945 1242 pericula
966 1165 1115 1236 subiisse,
1138 1180 1290 1237 magnam
1306 1165 1341 1220 in
1357 1164 1398 1222 iis

311 1273 549 1346 experientiam
571 1273 766 1344 ostendisse,
795 1289 923 1346 semper
944 1288 1056 1329 veram
1077 1269 1222 1341 agitandi
1248 1286 1397 1327 normam

311 1379 478 1437 invenisse
499 1382 532 1436 et
553 1382 702 1436 secutum
725 1395 803 1437 esse.
835 1376 880 1437 Ut
895 1379 962 1435 iam
977 1376 1064 1452 apud
1080 1375 1263 1434 Homerum
1279 1376 1319 1433 ob
1334 1378 1397 1433 vir-

310 1486 416 1540 tutem
448 1486 480 1541 et
510 1483 681 1542 audaciam
714 1482 883 1542 Minervae
910 1500 1003 1542 carus
1031 1486 1113 1554 erat,
1143 1499 1218 1556 prae
1243 1482 1397 1541 omnibus

309 1587 483 1662 facundus,
505 1593 544 1675 τῇ
566 1591 717 1676 φρονήσει
732 1590 856 1666 ubique
871 1590 1058 1661 obsecutus,
1081 1589 1128 1646 sic
1143 1592 1253 1647 noster
1267 1605 1396 1664 quoqne

309 1703 422 1761 auctor
437 1715 514 1756 eum
529 1716 637 1756 amare
655 1698 796 1771 videtur,
812 1699 900 1774 qnod
915 1701 963 1757 est
978 1694 1123 1785 ἀνδρεῖος
1138 1702 1169 1755 et
1181 1696 1298 1780 σοφὸς,
1314 1695 1396 1769 quin

310 1806 408 1863 etiam
434 1801 643 1891 πολύτροπον
665 1821 741 1862 eum
763 1807 871 1876 vocat,
904 1804 992 1880 quod
1013 1820 1127 1863 omnes
1149 1805 1232 1861 artes
1257 1799 1395 1874 amplec-

309 1910 400 1980 titur,
423 1908 544 1984 quibus
566 1909 602 1966 in
624 1909 692 1966 vita
712 1925 749 1967 ac
770 1908 857 1967 bello
880 1925 960 1984 opus
983 1913 1039 1967 est.
1054 1907 1082 1986 Ξ)

352 2013 384 2071 Si
418 2014 520 2086 igitur
547 2014 661 2072 sedulo
684 2016 844 2074 orationes
867 2015 1112 2074 consideramus
1133 2031 1250 2090 easque
1272 2013 1395 2088 dijudi-

309 2136 421 2176 camus
443 2137 484 2176 ex
505 2120 546 2176 iis
568 2121 756 2192 sententiis,
779 2138 862 2196 quae
881 2121 1146 2196 utrique-oratori
1162 2120 1394 2194 subjiciuntur,

309 2224 407 2282 facile
434 2226 551 2299 opinor
579 2225 689 2300 quivis
713 2226 831 2282 sentiet
852 2229 920 2283 tam
940 2225 1051 2284 Aiacis
1073 2244 1172 2302 quam
1193 2224 1302 2285 Ulixis
1324 2240 1394 2298 per-

309 2347 422 2388 sonam
452 2331 657 2405 aptissimam
690 2347 758 2390 esse
778 2331 820 2389 ad
842 2331 981 2390 morales
1003 2331 1160 2407 quasdam
1182 2330 1394 2404 cogitationes

308 2437 530 2509 exponendas;
552 2439 629 2497 satis
649 2435 791 2518 fideliter
806 2439 977 2514 utriusque
1000 2437 1108 2497 herois
1126 2437 1305 2510 imaginem
1317 2452 1394 2510 qua-

308 2540 372 2597 lem
408 2541 551 2601 dedisset
583 2541 748 2600 Homerus
780 2559 849 2601 esse
882 2547 1058 2615 servatam,
1087 2541 1144 2600 sed
1166 2537 1393 2615 philosophico

308 2646 413 2704 colore
445 2647 588 2723 quodam
618 2665 685 2706 esse
715 2648 877 2706 imbutam
911 2651 1084 2724 utramque
1109 2645 1392 2705 declamationem.

308 2749 485 2824 Praeterea,
497 2754 524 2810 si
541 2755 712 2829 utriusque
724 2754 885 2828 principis
898 2755 1077 2813 orationem
1089 2766 1327 2827 comparamus,
1340 2766 1393 2823 ap·

307 2861 396 2929 paret
424 2860 590 2915 auctorem
618 2856 710 2917 Ulixi
737 2860 911 2933 praecipue
932 2858 1067 2930 favisse,
1095 2858 1188 2934 quasi
1210 2873 1291 2931 opus
1310 2859 1393 2914 esset

307 2960 484 3019 defendere
506 2965 538 3020 et
559 2961 721 3037 explicare
744 2964 815 3022 eius
836 2981 942 3023 mores
964 2968 996 3022 et
1017 2963 1119 3035 facta,
1144 2963 1252 3020 adhuc
1277 2978 1392 3036 parum

307 3066 491 3135 intellecta3
513 3069 584 3126 eins
603 3070 765 3127 rationem
780 3069 926 3142 agitandi
942 3074 974 3128 et
985 3067 1187 3144 perficiendi,
1199 3072 1311 3126 auctor
1322 3084 1392 3142 pro-

306 3172 382 3229 bare
415 3173 523 3231 studet
554 3179 585 3232 et
614 3174 771 3232 extollere
800 3173 957 3234 adversus
978 3179 1048 3232 acta
1069 3177 1101 3231 et
1129 3172 1307 3249 praeclaras
1331 3189 1391 3242 res,

306 3278 425 3354 quibus
447 3277 534 3337 Aiax
555 3281 663 3354 palam
685 3282 835 3338 omnium
857 3280 989 3339 laudem
1012 3283 1149 3338 nanctus
1161 3277 1392 3339 esset—Aiax

306 3388 378 3458 post
410 3383 579 3444 Achillem
607 3387 759 3444 omnium
788 3386 1031 3446 fortissimnsa
1060 3385 1192 3459 fastigio
1228 3384 1391 3458 dejicitur,

338 3635 357 3700 1)
392 3638 423 3684 lu
441 3639 562 3687 omnibus
579 3639 649 3689 hisce
667 3641 854 3689 consultandus
870 3643 910 3688 est
928 3639 1039 3688 Roscher
1056 3652 1110 3689 voc.
1129 3638 1208 3694 Aiax.
1228 3638 1363 3701 Odysseus.

337 3725 357 3790 ²)
391 3728 425 3776 cf.
442 3728 509 3776 Jocl.
532 3743 556 3791 p.
580 3729 627 3775 542
648 3743 686 3791 sq.
703 3757 734 3765 -
752 3730 815 3777 Ant.
838 3728 885 3777 Od.
908 3730 933 3777 9:
956 3726 1112 3777 ἀλλ’ὅντινα
1128 3727 1208 3776 tetta
1225 3746 1263 3785 τις
1280 3727 1391 3790 τρόπον,

304 3818 346 3865 καὶ
368 3818 432 3880 πρὸς
454 3815 499 3866 ’ἕνα
521 3819 562 3866 καὶ
585 3818 651 3882 πρὸς
674 3818 792 3875 πολλοὺς
814 3815 913 3883 ἕτοιμός
935 3816 1092 3883 εἰμ’ἀεί....
1114 3817 1192 3866 schol.
1210 3817 1244 3864 ad
1263 3817 1310 3865 Od.
1328 3817 1350 3876 I,
1370 3818 1391 3877 l,

304 3905 337 3956 fr.
355 3921 372 3969 p
397 3908 437 3966 25,
454 3907 494 3957 43.
511 3934 544 3942 —
560 3907 662 3966 Weber,
679 3922 705 3970 p.
723 3909 781 3957 228:
801 3908 892 3956 Ulixes
908 3909 1038 3970 genuinus
1049 3907 1167 3970 sophista
1177 3910 1224 3966 est,
1242 3921 1295 3954 non
1307 3907 1391 3955 solum

308 3999 460 4058 propterea,
483 3996 553 4058 quod
575 3997 657 4045 totius
675 3996 790 4056 παιδείας
807 3998 861 4046 sive
878 3999 965 4046 cultus
981 3997 1089 4046 humani
1107 3995 1244 4045 scientiam
1261 4010 1329 4044 unus
1346 4011 1391 4060 per

305 4101 332 4134 se
340 4087 472 4148 cognitam
482 4091 570 4149 tenet,
589 4088 743 4147 sedetiam,
761 4090 791 4134 ut
809 4087 959 4135 Duemmler
977 4087 1012 4148 ll.,
1029 4101 1055 4150 p.
1071 4088 1102 4133 23
1115 4090 1186 4135 recte
1202 4085 1391 4135 animadvertit

305 4177 450 4237 „rhetorico
467 4177 566 4238 stadie,
583 4179 657 4227 cuius
674 4178 845 4226 Antisthenes
863 4193 877 4226 c
894 4177 1069 4240 sophistarum
1086 4177 1255 4226 institutione
1271 4177 1390 4226 aestima·

305 4267 404 4315 tionem
434 4282 556 4329 magnam
587 4282 687 4331 semper
713 4266 835 4326 retinuit,
861 4266 966 4315 exstitit
991 4265 1142 4329 patronus.''
1168 4266 1245 4314 Infra
1265 4267 1297 4315 de
1320 4267 1390 4316 hisce

304 4356 432 4420 copiosius
449 4372 532 4420 agam.
