3458 5182
794 349 833 413 85

271 531 404 589 uberius
431 531 528 605 paulo
550 532 712 606 explicare
734 531 840 590 liceat.
884 530 918 590 Si
941 533 1136 604 cogitatione
1159 536 1268 591 nostra
1289 550 1355 591 cer·

271 643 394 709 tamen,
416 637 456 694 ab
472 637 622 695 ¹Homero
644 639 756 713 paucis
776 642 905 696 tantum
920 638 1029 697 verbis
1043 642 1181 711 tactum,
1197 639 1355 713 complec-

269 746 381 816 timur,
403 761 473 802 rem
494 763 607 803 revera
628 746 673 803 ita
694 747 805 804 animo
827 751 938 804 nostro
960 745 1195 817 informamus,
1218 748 1254 801 ut
1276 742 1355 801 Aias

269 855 301 908 et
312 849 427 910 Ulixes
438 854 512 909 ante
525 850 670 908 tribunal
691 849 849 925 prodeant
861 850 945 908 -id
961 851 1049 926 quod
1066 852 1131 909 iam
1143 849 1354 915 Hermannus

269 957 371 1016 dixit:
407 955 582 1030 „Oaussam
618 974 710 1014 suam
745 973 854 1014 coram
890 957 1057 1015 iudicibus
1094 960 1126 1013 et
1156 954 1291 1015 Ulixem
1323 958 1354 1013 et

268 1062 404 1120 Aiacem
426 1078 545 1133 orasse,
568 1061 696 1119 etiamsi
719 1061 851 1118 nullum
874 1063 944 1120 eius
958 1063 1006 1118 rei
1022 1062 1199 1134 vestigium
1215 1063 1354 1119 exstaret

267 1168 365 1227 facile
387 1169 496 1244 quivis
519 1164 741 1225 concederet.'’

309 1273 473 1345 Habebat,
497 1273 622 1347 opinor,
645 1273 752 1348 isqui
776 1272 1040 1332 declamationes:
1063 1269 1238 1344 „Aiacem”
1255 1276 1352 1347 atque

267 1377 441 1452 „Ulixem”
457 1375 654 1453 composuit,
671 1379 703 1434 in
722 1395 758 1436 ea
772 1394 822 1452 re,
837 1378 925 1454 quod
940 1395 1056 1436 verum
1070 1375 1229 1436 iudicium
1244 1393 1352 1434 coram

264 1482 426 1543 iudicibus
467 1481 667 1542 orationibus
704 1482 823 1542 habitis
863 1481 974 1554 finxit,
1017 1482 1126 1558 ipsum
1168 1481 1351 1540 Homerum

264 1593 439 1650 auctorem.
460 1587 546 1648 Nam
570 1587 695 1648 etiamsi
717 1588 790 1666 quis
805 1588 914 1648 versui
930 1588 989 1649 Od.
1004 1589 1053 1648 XI
1071 1587 1140 1661 547,
1159 1587 1183 1664 'l
1206 1583 1351 1646 amultis

265 1695 343 1755 viris
355 1692 457 1753 doctis
468 1692 655 1753 Aristarcho
667 1692 917 1752 assentientibus
929 1695 1097 1766 damnato,
1110 1710 1226 1769 parum
1242 1691 1302 1749 1100
1317 1690 1351 1749 111

264 1820 298 1860 10
330 1799 431 1858 fidem
463 1799 594 1871 habeat,
627 1798 720 1856 nullo
752 1799 849 1857 modo
875 1800 915 1857 de
936 1797 1056 1857 iudicio
1078 1797 1187 1858 habito
1209 1795 1349 1856 dubitari

265 1911 384 1982 potest,
411 1906 438 1966 si
458 1905 658 1964 attendimus
680 1905 721 1964 ad
743 1923 788 1964 vs.
811 1903 883 1964 545:
906 1907 963 1981 τὴν
986 1905 1022 1982 (i.
1035 1924 1061 1965 0.
1086 1904 1188 1983 νίκην)
1210 1908 1267 1987 μὲν
1288 1905 1350 1989 ἐγὼ

265 2017 377 2089 νίκησα
399 2009 432 2078 dr
442 2042 458 2077 κ
468 2009 515 2086 al
523 2014 571 2094 όμ
580 2039 591 2075 ε
600 2040 619 2076 v
628 2039 673 2086 υς
688 2012 774 2098 παρὰ
790 2015 896 2088 νηυσί,
912 2029 929 2069 θ
943 2029 1008 2088 quo
1024 2011 1208 2070 luculenter
1217 2014 1349 2085 apparet

264 2115 397 2176 Ulixem
412 2117 529 2177 iudicio
545 2119 800 2177 contendentem
815 2135 945 2177 causam
959 2134 1052 2176 suam
1066 2114 1180 2175 vicisse
1195 2115 1349 2174 adversus

265 2221 408 2282 Aiacem.
451 2222 552 2297 Dein,
584 2225 672 2302 quod
704 2223 774 2283 fere
806 2240 1083 2299 supervacaneum
1108 2227 1157 2281 est
1177 2221 1300 2294 dicere,
1323 2221 1350 2281 si

263 2347 374 2388 revera
409 2330 498 2405 apud
531 2329 714 2389 Homerum
746 2330 787 2389 ad
819 2335 983 2388 certamen
1015 2327 1047 2386 vi
1080 2331 1112 2386 et
1143 2326 1241 2388 armis
1272 2327 1349 2388 solis
1437 2330 1439 2333 ’

263 2438 522 2512 depugnandum
554 2437 713 2509 venisset,
746 2443 839 2515 poeta
871 2437 938 2513 ipse
970 2436 1029 2497 sibi
1055 2454 1121 2494 non
1144 2431 1348 2494 constitisset:

262 2562 327 2620 quo
358 2545 491 2603 tandem
513 2546 612 2604 modo
638 2563 785 2621 unquam
806 2544 937 2617 Ulixes,
959 2545 1110 2620 quamvis
1131 2541 1346 2608 fortissimus,

262 2649 397 2709 Aiacem
419 2654 491 2725 post
512 2650 680 2709 Achillem
702 2651 737 2708 vi
759 2667 795 2708 00
818 2667 918 2708 11101111
940 2649 1122 2709 secundum
1142 2649 1346 2725 superasset?

262 2753 313 2812 Ex
348 2756 417 2829 ipsa
451 2756 553 2828 igitur
584 2759 724 2828 ratione,
758 2773 821 2832 qua
854 2755 1018 2814 Homerus
1051 2772 1142 2814 casus
1175 2757 1345 2830 utriusque

261 2859 369 2919 herois
399 2859 628 2936 descripserat,
650 2872 871 2937 eventumque
892 2862 1095 2933 certaminis,
1118 2861 1253 2934 litigiosi
1274 2861 1346 2936 qui-

261 2963 337 3022 dem
351 2964 409 3023 sed
423 2966 562 3024 minime
577 2968 716 3038 cruenti,
730 2964 921 3038 tradiderat,
937 2964 1093 3042 sequitur,
1108 2970 1145 3024 ut
1160 2968 1345 3025 orationum

260 3069 299 3127 ab
335 3074 475 3146 utroque
512 3070 699 3129 habitarum
734 3071 840 3130 torma
876 3071 1056 3144 iudicialis,
1093 3090 1156 3148 qua
1187 3089 1266 3132 usus
1298 3078 1345 3132 est

259 3178 379 3248 auctor,
402 3193 468 3234 non
491 3180 621 3235 tantum
642 3177 809 3252 probanda
824 3179 880 3250 sit,
899 3178 956 3237 sed
971 3179 1107 3237 omnino
1122 3178 1343 3253 praeferenda.

259 3277 301 3337 ut
335 3281 363 3338 11
400 3281 471 3339 10111
501 3299 590 3340 110110
625 3283 782 3357 suspicari
819 3282 910 3354 licet,
943 3283 1030 3359 quod
1063 3285 1100 3341 in
1131 3284 1344 3359 sequentibus

257 3386 433 3461 approbare
455 3387 658 3459 conabimur,
679 3391 845 3447 auctorem
868 3387 981 3460 illum,
1003 3390 1060 3464 qui
1082 3387 1176 3448 Aiaci
1199 3395 1231 3448 01
1250 3388 1343 3449 Ulixi

258 3493 419 3551 orationes
457 3495 493 3551 111
525 3511 691 3553 armorum
723 3496 901 3553 certamine
933 3494 1099 3554 habendas
1132 3496 1342 3570 conscripsit,

257 3596 360 3656 fuisse
392 3598 642 3672 Antisthenem,
675 3599 779 3657 multa
812 3601 878 3657 iam
908 3600 1019 3658 statim
1048 3600 1169 3660 adsunt
1201 3601 1343 3674 indicia,

257 3703 378 3778 quibus
400 3705 493 3762 nisus
514 3705 694 3778 suspicioni
718 3704 769 3762 illi
791 3705 988 3779 patrocinari
1009 3722 1152 3780 possum.

296 3807 513 3870 Antisthenes
555 3813 590 3868 in
624 3809 810 3870 Homericis
841 3814 1082 3871 versatissimus
1110 3814 1222 3888 procul
1252 3815 1342 3870 omni

256 3914 359 3972 dubio
410 3918 556 3992 antiquis
599 3916 667 3975 illis
719 3917 874 3976 heroibus
931 3921 1091 3977 orationes
1147 3936 1342 3994 componere

256 4021 363 4092 potuit
391 4054 432 4062 —
452 4020 562 4082 Ulixis
584 4024 792 4096 potissimum
814 4024 961 4083 moribus
983 4024 1132 4084 attactis
1153 4025 1342 4084 enarrandis

256 4178 486 4191 ῃ

289 4266 308 4329 ¹)
342 4269 431 4328 παῖδες
448 4270 473 4320 δὲ
491 4274 583 4336 Τρώων
599 4271 707 4323 δίκασαν
721 4274 761 4322 καὶ
771 4274 880 4332 Παλλὰς
889 4273 984 4336 Ἀθήνη
995 4303 1025 4312 -
1036 4276 1120 4326 ἀθετεῖ
1128 4275 1301 4342 Ἀρίσταρχος.
1312 4304 1343 4314 -

255 4358 289 4409 ci.
309 4359 406 4408 Christ.
424 4361 493 4412 Ann.
515 4362 602 4413 Philol.
622 4365 693 4424 1881,
710 4379 736 4428 p.
755 4364 811 4415 444.
830 4364 985 4414 Kirchhoff:
1002 4365 1080 4417 Hom.
1096 4365 1187 4430 Odyss.
1197 4381 1222 4432 p.
1233 4369 1288 4419 231.
