3458 5182
851 353 870 414 8

316 533 426 592 verbis
447 533 642 592 describere:
666 533 796 605 „Nimis
817 539 943 591 certum
965 537 1013 592 est
1034 534 1211 606 legendum
1234 550 1301 590 esse
1326 534 1401 619 ὑπὲρ

315 612 494 712 Ὀδυσσέως
530 643 586 697 aut
621 644 706 698 certe
738 638 842 725 λόγος
875 634 1068 714 Ὀδυσσέως,
1101 644 1137 697 ut
1170 640 1267 697 modo
1303 640 1402 697 dixit:

318 744 435 821 Α’έσςῆ
485 744 596 821 ἴαυτος
618 745 731 831 λόγος.
757 745 844 804 Malo
865 747 941 830 ὑπὲρ
964 751 996 804 et
1011 763 1140 803 mecum
1164 743 1261 820 (scio)
1274 746 1402 815 sentiet,

315 853 372 927 qui
408 853 588 910 orationem
621 851 752 926 plenam
784 850 929 926 legerit.”
972 850 1061 923 Legi,
1095 851 1151 908 sed
1174 850 1295 908 idcirco
1317 851 1400 908 mihi

316 956 450 1032 quidem
482 956 567 1014 illud
598 962 666 1040 περὶ
699 953 879 1032 Ὀδυσσέως
912 957 950 1032 (Β.
985 958 1059 1043 ὑπὲρ
1086 953 1152 1020 Ὀδ.
1177 956 1265 1032 qUOd
1286 973 1402 1031 parum

316 1061 455 1137 differt‚)
491 1062 612 1119 mirum
646 1068 806 1138 quantum
838 1063 999 1138 displicet.
1043 1060 1129 1131 Quid
1162 1062 1270 1118 enim?
1313 1060 1402 1118 Num

315 1165 383 1224 sola
404 1166 489 1227 facta
510 1167 619 1228 Ulixis
635 1171 825 1227 narrantur?
856 1168 946 1227 Num
962 1170 1002 1227 de
1017 1171 1088 1227 eius
1103 1172 1218 1225 natura
1233 1185 1269 1225 ae
1281 1166 1403 1237 indole,

315 1278 384 1359 περὶ
416 1274 512 1337 αὐτοῦ
538 1272 740 1347 disputatur?
773 1273 926 1344 Minime;
957 1274 1069 1332 Aiacis
1091 1289 1245 1348 personae
1268 1288 1403 1346 persona

315 1379 425 1439 Ulixis
457 1381 647 1454 opponitur,
680 1381 736 1438 sed
769 1398 834 1439 non
867 1381 1023 1440 describit
1054 1383 1166 1438 auctor
1197 1378 1264 1436 suis
1295 1377 1404 1435 verbis

316 1486 465 1558 heroem,
488 1504 602 1544 verum
625 1488 754 1561 propria
776 1489 920 1546 oratione
944 1491 1091 1545 utentem
1113 1485 1201 1544 facit.
1239 1482 1301 1542 Cui
1328 1484 1405 1542 scri-

315 1591 416 1650 bendi
452 1593 564 1665 generi
604 1591 690 1649 nihil
730 1594 834 1666 magis
874 1593 1029 1650 convenit
1061 1608 1159 1667 quam
1191 1588 1315 1663 duplex
1347 1586 1404 1644 ille

315 1697 450 1754 titulus:
472 1691 646 1770 Ὀδυσσεὺς
668 1695 686 1770 ἢ
708 1693 889 1770 Ὀδυσσέως
911 1695 1026 1781 λόγος.
1043 1696 1068 1772 ¹)

357 1800 397 1858 Et
434 1818 645 1875 personarum
686 1803 846 1876 oppositio
887 1807 918 1859 et
955 1801 1103 1872 analogia
1139 1798 1224 1857 hanc
1263 1798 1404 1856 formam

316 1905 559 1965 commendant:
582 1907 798 1964 inscribamus
820 1907 922 1980 igitur
943 1906 1077 1964 alteram
1100 1906 1279 1962 orationem
1291 1903 1404 1961 eadem

315 2014 439 2070 natione
472 2030 508 2071 ac
538 2013 695 2087 priorem,
724 2014 751 2071 si
774 2012 910 2088 quidem
931 2013 1069 2071 alterum
1094 2011 1229 2069 titulum
1253 2010 1403 2069 additum

316 2137 384 2178 esse
406 2120 445 2178 ab
468 2118 665 2178 Antisthene
688 2121 758 2194 ipso
781 2136 972 2194 persuasum
994 2119 1162 2176 habemus.
1206 2116 1354 2190 Etenim,
1376 2121 1403 2176 si

316 2226 390 2301 quis
412 2229 467 2282 aut
489 2227 524 2282 in
546 2231 610 2283 tam
634 2243 733 2300 prava
758 2225 908 2283 codicum
931 2224 1123 2283 condicione
1146 2224 1285 2282 alterum
1308 2223 1404 2282 illum

315 2329 451 2387 titulum
486 2329 519 2405 (ἢ
542 2325 722 2404 Ὀδυσσέως
744 2327 865 2414 λόγος)
887 2329 1150 2387 additamentum
1165 2327 1193 2404 ²)
1215 2334 1340 2400 censet,
1364 2346 1405 2387 ne

316 2434 457 2509 Diogeni
489 2436 625 2512 quidem
647 2436 894 2510 imputandum,
922 2439 977 2494 aut
998 2436 1038 2494 ab
1060 2435 1269 2494 Antisthenis
1291 2434 1405 2493 saltem

316 2541 454 2600 consilio
489 2542 586 2599 illum
621 2541 768 2600 alienum
800 2558 868 2599 esse
901 2545 932 2598 et
964 2541 1003 2598 ab
1035 2541 1099 2598 alio
1130 2545 1274 2612 auctore,
1307 2557 1405 2616 quem

316 2647 511 2725 sequebatur
542 2644 705 2722 Diogenes
738 2646 1000 2705 additamentum
1034 2647 1171 2719 iudicat,
1198 2664 1265 2704 non
1286 2646 1406 2728 habac,

317 2770 381 2829 quo
413 2770 608 2827 magnopere
639 2753 698 2810 tali
730 2753 854 2811 iudicio
887 2752 1038 2826 refrager.
1077 2752 1178 2828 Saepe
1207 2755 1297 2811 enim
1319 2754 1406 2828 apud

317 2858 477 2933 sophistas
521 2861 656 2917 nomina
699 2858 767 2917 fere
814 2859 882 2917 sola
921 2860 1138 2917 inveniuntur
1183 2876 1310 2929 eorum,
1347 2860 1405 2935 qui

317 2965 438 3039 primas
464 2966 650 3023 orationum
682 2970 787 3040 partes
816 2970 932 3038 agunt,
956 2964 1060 3023 veluti
1093 2962 1229 3038 Gorgiae
1264 2963 1405 3035 Helena,

317 3068 521 3143 Palamedes,
554 3069 794 3128 Alcidamantis
826 3069 941 3128 Ulixes
973 3074 1005 3126 et
1037 3071 1140 3144 ipsius
1180 3068 1406 3128 Antisthenis:

318 3172 348 3233 5:
377 3177 498 3250 Λυσίας
520 3179 567 3239 καὶ
589 3175 773 3262 Ἰσοκράτης
789 3172 840 3235 20:
859 3181 968 3261 Κῦρος
983 3172 1034 3235 23:
1046 3170 1207 3239 Ἀσπασία
1219 3179 1278 3233 cet.
1301 3173 1406 3244 Quem

318 3281 423 3352 enim,
456 3282 586 3339 omissis
617 3280 865 3352 additamentis,
898 3281 996 3338 latere
1022 3285 1142 3356 potest,
1165 3281 1290 3357 quade
1313 3298 1407 3339 causa

317 3383 431 3445 heroes
468 3385 546 3461 Αἴας
582 3392 614 3445 et
645 3384 820 3461 Ὀδυσσεὺς
853 3392 1073 3462 opponantur,
1106 3387 1297 3446 nominibus
1329 3387 1407 3445 solis

317 3491 489 3550 indicatis?

358 3702 532 3782 Postquam
570 3706 609 3763 de
641 3706 749 3765 titulis
782 3707 1022 3780 disputavimus
1054 3708 1120 3764 iam
1152 3707 1264 3780 paucis
1296 3704 1407 3778 dispu-

322 3893 561 3902 -—-—-—-—.‚.-—

352 4010 372 4076 1)
407 4009 600 4060 (lorrectionem
622 4009 723 4057 hancce
744 4011 851 4056 tantum
873 4007 1039 4068 comprobari
1052 4021 1140 4069 posse.
1163 4006 1184 4054 si
1204 4006 1334 4067 Diogenes
1352 4006 1408 4055 iure

318 4099 575 4150 declamatiunculas
587 4099 695 4147 Aiacem
707 4102 733 4146 et
747 4098 852 4145 Ulixem
865 4096 1023 4146 Antistheni
1035 4095 1173 4156 tribuerit,
1191 4112 1236 4159 per
1249 4111 1275 4145 se
1288 4099 1406 4158 apparet.

320 4192 382 4239 Post
399 4190 503 4253 copiose
521 4189 657 4237 ostendam
678 4188 790 4249 Diogeni
807 4188 858 4237 hac
876 4188 904 4234 in
921 4202 948 4236 rc
966 4186 1045 4235 fidem
1062 4200 1116 4235 esse
1133 4186 1292 4235 habendam.

351 4281 373 4345 ¹)
410 4281 515 4339 Reiske‚
542 4281 626 4330 Oratt.
659 4279 702 4328 Gr.
733 4279 812 4328 VllI.
844 4294 868 4340 p.
896 4281 926 4326 52
953 4276 1068 4325 affirmat
1099 4277 1127 4323 iu
1157 4275 1276 4324 Parisino
1304 4275 1407 4335 codice,

318 4387 408 4422 revera
427 4371 512 4420 nudos
529 4371 623 4419 titulos
641 4370 699 4431 legi.
