3458 5182
956 385 974 445 6

422 573 463 630 iis
495 588 732 646 supervacanea
764 588 831 630 esse
862 570 1051 642 videantur,
1084 588 1166 647 quae
1197 573 1305 645 potius
1327 569 1508 628 omittenda

422 681 513 749 sunt,
545 678 677 751 opinor,
713 678 754 734 iis
786 680 915 734 tantum
948 676 1223 750 explicationibus
1256 679 1392 735 servatis
1426 694 1507 753 quae

422 799 552 858 prorsus
574 783 772 842 necessariae
793 784 869 859 sint.
916 780 945 838 A
972 779 1171 855 Cynicorum
1193 781 1455 858 breviloquentia
1478 786 1509 840 et

423 890 551 946 concisa
573 887 708 945 dicendi
730 888 855 945 ratione
878 903 1008 961 prorsus
1029 885 1201 944 abhorrere
1219 886 1393 944 verborum
1408 887 1509 946 abun-

423 994 570 1052 dantiam
591 994 668 1052 satis
695 994 866 1061 novimus;
899 991 1081 1049 omittenda
1103 993 1220 1064 igitur,
1251 1009 1333 1068 quae
1355 992 1510 1068 quodam·

424 1100 520 1158 modo
542 1099 720 1157 desiderari
742 1102 887 1172 possunt.
920 1097 1060 1155 Accedit
1082 1099 1190 1170 etiarn,
1213 1097 1301 1173 quod
1317 1098 1510 1174 plerumque

424 1205 609 1280 explanatio
639 1203 676 1261 fit
706 1221 763 1278 per
792 1203 943 1261 voculam
976 1206 1056 1287 περί.
1101 1202 1163 1267 llas
1195 1207 1305 1262 autem
1328 1204 1511 1276 inscriptio-

425 1328 506 1369 num
527 1314 647 1386 partes‚
681 1328 762 1386 quae
795 1327 873 1368 voce
906 1306 975 1394 arpi
1008 1310 1184 1383 incipiant,
1217 1309 1411 1385 plerumque
1444 1327 1510 1366 non

425 1417 464 1474 ab
486 1418 615 1473 auctore
637 1416 707 1490 ipso
730 1416 896 1485 inventas,
929 1414 985 1471 sed
1013 1431 1031 1471 a
1057 1415 1243 1488 posterioris
1267 1415 1381 1473 aetatis
1411 1433 1510 1473 manu

425 1521 552 1580 additas
574 1537 642 1578 esse
664 1521 828 1579 existimo.
847 1520 871 1596 ¹)
1411 1598 1414 1604 Ι

466 1626 617 1686 Ceterum
650 1626 728 1685 haec
760 1628 935 1694 hactenus;
978 1626 1058 1703 quid
1091 1628 1180 1684 enim
1215 1628 1332 1685 attinet
1363 1628 1514 1702 pluribus

426 1751 596 1809 exponere,
616 1751 698 1810 quae
717 1735 899 1791 accuratius
919 1733 1082 1790 observari
1105 1738 1137 1789 et
1160 1734 1280 1791 certius
1295 1733 1510 1791 demonstrari

426 1842 561 1915 possunt
576 1840 612 1896 in
627 1837 921 1896 declamationibus
937 1837 1005 1896 iilis
1024 1855 1105 1914 quae
1124 1842 1308 1912 supersunt.
1333 1839 1512 1896 Videamus

427 1946 467 2004 de
498 1944 606 2002 titulis
628 1943 860 2018 opusculorum
882 1960 1010 2014 eorum,
1033 1943 1153 2001 deinde
1176 1949 1207 2002 et
1229 1949 1460 2016 argumentum
1482 1949 1514 2002 et

427 2053 541 2111 stilum
563 2049 816 2110 consideremus.

466 2472 651 2548 Utrumque
678 2489 759 2546 opus
784 2477 851 2530 tam
873 2471 1028 2530 Aiantem
1050 2490 1148 2548 quam
1170 2471 1317 2544 Ulixem,
1346 2474 1381 2529 in
1404 2473 1514 2530 codice

427 2577 584 2652 Diogenis
606 2580 730 2653 optimo
752 2581 832 2650 iure,
856 2582 892 2635 ut
913 2578 1053 2647 videtur,
1080 2579 1186 2652 primo
1200 2582 1289 2635 tomo
1304 2579 1513 2650 assignatum,

428 2684 594 2760 Chappuis
626 2703 656 2760 p.
689 2682 728 2744 43
760 2703 806 2761 sq.
840 2686 949 2742 nescio
981 2702 1022 2742 an
1046 2684 1297 2742 Homericorum
1319 2683 1513 2742 bellatorum

427 2791 618 2850 nominibus
642 2791 719 2850 solis
738 2791 899 2848 adductus
921 2792 1007 2847 inter
1022 2807 1059 2847 ea
1073 2788 1284 2848 Antisthenis
1299 2807 1395 2864 opera
1418 2791 1515 2849 collo-

427 2901 485 2968 cat,
503 2913 584 2972 quae
595 2897 635 2955 de
646 2898 848 2969 argumentis
860 2895 1047 2953 Homericis
1058 2900 1169 2968 agunt,
1182 2897 1291 2972 itaque
1302 2896 1343 2954 ad
1358 2897 1514 2956 volumen

426 3007 577 3060 octavum
598 3003 650 3060 vel
674 3021 799 3061 nonum
821 3000 1047 3059 transferenda
1068 3006 1134 3059 tam
1156 3000 1272 3059 haecce
1291 3005 1401 3059 censet
1416 3020 1513 3079 quam

426 3108 688 3168 dissertationem
721 3109 761 3166 de
794 3127 872 3166 voce
904 3105 1122 3193 πολύτροπος.
1165 3107 1214 3166 De
1240 3107 1347 3165 titulis
1369 3110 1515 3182 primum

426 3215 605 3275 videamus.
636 3215 675 3273 In
696 3215 807 3274 Aiacis
829 3215 928 3272 titulo
951 3232 1080 3273 summa
1101 3220 1149 3274 est
1171 3215 1352 3274 concordia.
1376 3213 1513 3286 OmneS,

427 3338 507 3396 quos
543 3323 706 3394 noverim,
742 3321 896 3392 editores,
936 3323 971 3378 in
1001 3319 1061 3379 hac
1094 3323 1255 3395 scriptura
1287 3323 1514 3379 consentiunt:

454 3424 546 3501 111ςῆ
569 3426 706 3501 Α’ἰαυτος
734 3424 847 3512 λόγος.
891 3425 1007 3486 Perse
1029 3431 1131 3501 patet,
1160 3429 1283 3485 utiam
1307 3426 1514 3486 Oasaubonus
1557 3427 1562 3435 ’

426 3531 623 3604 observavit,
664 3533 752 3590 hunc
788 3532 924 3590 titulum
964 3532 1193 3607 accipiendum
1232 3550 1300 3591 esse
1332 3534 1372 3591 de
1404 3532 1514 3591 Aiacis

426 3636 581 3695 adversus
616 3635 748 3694 Ulixem
786 3638 940 3696 oratione.
994 3637 1080 3695 Aiax
1116 3655 1244 3712 semper
1280 3654 1379 3695 manu
1416 3654 1513 3713 quam

426 3741 540 3814 lingua
561 3741 710 3814 validior,
734 3761 793 3800 nec
816 3748 926 3801 tamen
950 3744 1155 3818 eloquent-iae
1178 3761 1309 3818 expers,
1332 3742 1386 3801 hio
1408 3761 1513 3801 coram

427 3847 593 3906 iudicibus
615 3848 769 3906 adversus
792 3848 951 3907 disertum
973 3853 1207 3925 versutumque
1229 3849 1452 3907 adversarium
1474 3848 1514 3905 ad

426 3952 616 4012 facundiam
648 3954 819 4013 devenisse
852 3955 990 4028 fingitur
1029 3974 1046 4013 a
1079 3957 1245 4030 scriptore.
1296 3955 1514 4031 Expectamus

427 4060 528 4131 igitur
559 4063 630 4133 post
660 4059 770 4119 Aiacis
798 4063 993 4132 orationem,
1022 4059 1129 4120 Ulixis
1152 4061 1393 4133 defensionem,
1416 4079 1515 4136 quam

428 4207 466 4215 ...a

461 4297 483 4358 l)
519 4297 645 4344 Similiter
677 4297 769 4346 Riescn
799 4298 826 4344 in
845 4299 1010 4360 praefatione
1034 4299 1068 4346 ad
1086 4299 1238 4347 Terentium
1256 4299 1400 4348 Varronem
1421 4301 1516 4349 titulos

427 4387 526 4449 piures,
544 4386 600 4434 siue
618 4401 695 4435 causa
712 4387 901 4435 additamentis
918 4388 1042 4447 refertos,
1059 4388 1160 4450 spurios
1177 4388 1276 4437 habuit.
