3458 5182
860 363 898 424 76

286 546 325 625 ¹¹)
381 543 426 604 Σὺ
448 537 474 605 δ’
500 544 547 606 ὅτι
575 545 678 631 φέρων
699 546 845 625 ἐκόμισας
866 543 923 606 τὸν
942 541 1067 628 νεκρόν,
1087 536 1232 626 ἀνδρεῖος
1252 537 1306 603 οἴει
1326 537 1420 608 sivum

338 645 377 709 ὃν
408 649 431 710 εἶ
461 647 503 729 μὴ
534 643 637 722 ι’]δόνω
669 651 787 735 φέρειν,
820 644 877 711 δόο
911 642 1024 733 ἄνδρες
1048 644 1088 710 ἂν
1113 648 1267 733 ἐφερέτην·
1293 645 1420 711 κᾶπειτα

337 750 470 816 κάκεῖνοι
492 758 559 839 περὶ
583 751 694 840 αρετῆς
721 781 791 829 πως
818 753 857 819 ἂν
880 755 953 834 ἡμῖν
975 750 1207 839 ἠμφισβήτουν·
1253 751 1343 834 κάμοὶ
1364 754 1421 833 μὲν

337 860 355 920 ὁ
377 857 476 932 αὐτὸς
497 857 536 922 ἂν
557 861 641 944 πρὸς
663 861 780 933 αὐτοὺς
802 863 840 935 ἦν
860 858 979 944 λόγος·
1006 862 1045 921 σὺ
1067 853 1098 923 δὲ
1120 862 1151 922 τί
1172 856 1212 922 ἂν
1235 857 1341 942 ’ἔλεγες
1366 856 1422 940 ἆμ-

337 960 504 1048 φισβητῶν
534 966 616 1052 πρὸς
650 965 787 1038 αὐτοός;
817 962 837 1039 ἢ
869 960 957 1029 δυοῖν
989 967 1045 1046 μὲν
1077 964 1134 1027 οὐκ
1157 961 1196 1029 ἂν
1220 967 1420 1050 φροντίσαις,

338 1071 410 1145 ἑνὸς
432 1066 458 1134 δ’
478 1069 517 1135 ἂν
529 1072 697 1157 αἰσχύνοιο
712 1069 885 1156 ὁμολογῶν
899 1065 1078 1157 δειλότερος
1090 1067 1185 1140 sivum
1208 1071 1266 1135 οὐκ
1280 1068 1364 1134 οἶσθ’
1375 1072 1422 1134 ὅτι

287 1178 378 1263 ¹²)or'r
409 1182 466 1240 τοῦ
492 1183 603 1264 νεκροῦ
632 1185 701 1252 τοῖς
729 1179 854 1263 Τρωσὶν
875 1174 962 1239 ἀλλὰ
987 1180 1050 1240 τῶν
1072 1174 1185 1241 ὅπλων
1204 1174 1311 1258 ’ἔμελεν
1333 1177 1421 1249 ὅπως

338 1279 487 1368 λόβοιεν;
505 1285 562 1347 τὸν
583 1288 639 1362 μὲν
661 1285 724 1371 γὰρ
752 1279 929 1347 ἀποδώσειν
953 1279 1105 1364 ἔμελλον,
1127 1281 1165 1345 τὰ
1188 1277 1218 1347 δὲ
1240 1279 1327 1346 ὅπλα
1349 1280 1422 1345 ιἰνα·

336 1391 447 1464 θήσειν
478 1391 521 1463 εἰς
557 1390 595 1453 τὰ
629 1390 695 1477 ἱερὰ
721 1397 790 1463 τοῖς
815 1390 912 1462 θεοῖς·
948 1389 1024 1462 τοὺς
1048 1387 1111 1472 γὰρ
1134 1388 1264 1474 νεκροὺς
1290 1387 1328 1450 οὐ
1353 1397 1422 1460 τοῖς

336 1493 392 1558 οὐκ
412 1493 650 1581 ἀναιρουμένοις
673 1497 824 1580 αἰσχρόν,
840 1493 929 1559 ἀλλὰ
941 1502 1010 1570 τοῖς
1021 1494 1062 1577 μὴ
1076 1489 1263 1560 ἀποδιδοῦσι
1280 1493 1422 1558 θάπτειν·

335 1603 375 1665 σό
406 1605 462 1684 μὲν
493 1598 551 1665 οὖν
583 1602 621 1665 τὰ
656 1602 760 1684 ’ἕτοιμα
793 1604 956 1685 ἐκόμισας·
988 1603 1050 1687 ἐγὼ
1081 1597 1112 1665 δὲ
1141 1601 1179 1664 τὰ
1210 1596 1423 1680 ὀνειδιζόμενα

335 1705 508 1790 ἀφειλόμην
531 1709 678 1782 ἐκείνους.

370 1904 400 1969 ¹¹)
418 1907 478 1964 ἴσως
487 1907 591 1970 scripsit
601 1908 694 1954 Blass:
704 1925 758 1965 πως
767 1906 833 1969 (πῶς
840 1907 894 1969 X.),
903 1907 950 1955 scri
955 1922 992 1969 ps.
1001 1909 1054 1955 iam
1064 1908 1120 1967 Bk„
1130 1907 1191 1955 Rsk.
1204 1934 1234 1942 -
1246 1925 1270 1956 τι
1279 1905 1312 1955 ἂν
1320 1906 1422 1954 mavult

340 1995 421 2044 Blass.
439 2015 463 2046 τι
480 1996 528 2045 κᾶν
544 1996 618 2045 codd.
635 2023 668 2032 —
685 1993 818 2059 αἰσχύναις
837 1996 872 2044 Μ.
891 1996 923 2044 N.
940 2023 972 2033 -
989 2011 1052 2044 num
1070 1995 1219 2060 ‹ipoloyeird
1238 1986 1317 2043 Blass.
1331 1994 1371 2043 ed.
1384 1995 1405 2046 l.

370 2082 400 2148 ¹²)
435 2085 476 2134 καὶ
488 2084 533 2133 οὐκ
545 2082 613 2133 οἶσθ’
626 2085 660 2133 cf.
674 2083 704 2150 §5
717 2087 810 2145 6-13,
823 2086 879 2134 sine
891 2086 1104 2148 interrogationis
1116 2087 1196 2148 signo,
1214 2086 1295 2134 Blass.
1306 2086 1346 2133 cd.
1360 2086 1380 2134 Ι.
1388 2113 1422 2120 -

337 2173 378 2222 ὅτι
395 2173 425 2223 οὐ
443 2174 483 2222 J.:
501 2173 535 2222 ἐκ.
555 2201 586 2209 -
604 2175 650 2223 τὸν
667 2175 715 2239 μὲν
731 2175 774 2224 J.:
790 2177 824 2224 τὰ
840 2177 895 2240 μὲν.
916 2201 947 2212 -
963 2175 1058 2239 ἔμελεν,
1076 2175 1122 2224 X.:
1139 2175 1250 2240 ἔμελλεν.

369 2262 569 2328 ἀναιρουμένους
586 2263 620 2312 Χ.
638 2277 687 2312 see.
705 2264 810 2328 Lampr.
828 2265 924 2328 (Blass.
941 2267 981 2316 ed.
999 2266 1049 2327 II.)

342 2594 471 2658 μάχεσθαι
481 2595 590 2657 (latetis
600 2597 756 2663 μαχόμενον)
766 2604 813 2647 aut
821 2601 850 2649 rb

344 2681 433 2748 σῴζειν
459 2701 486 2732 σε
512 2684 605 2734 Reiske
632 2687 751 2736 adnotat.
785 2688 851 2738 Mire

342 2787 404 2822 sane
415 2774 525 2834 dictum,
537 2775 582 2823 sed
593 2774 705 2825 liceatne
718 2777 767 2826 hoc
776 2778 852 2826 modo

341 2862 458 2912 absolute
470 2878 566 2926 ponere
574 2865 733 2930 ἀφαιρεῖσθαι
742 2867 850 2915 dubium

342 2953 462 3011 videtur;
490 2969 544 3003 non
561 2956 645 3004 habco
662 2960 765 3016 autem,
782 2957 853 3019 quod

340 3043 460 3105 expleam
466 3047 513 3091 aut
521 3047 658 3094 restituam
668 3046 719 3094 nisi
728 3046 851 3111 ὑφειλετο.

374 3130 538 3197 δουλοπρεπῆ
563 3136 645 3184 ταῦτα
668 3134 739 3185 ὅπλα
761 3137 853 3186 καὶτὰ

342 3219 406 3286 ῥάκη
418 3224 459 3272 καὶ
471 3225 520 3282 τὰς
531 3225 656 3290 μάστιγας
668 3226 701 3275 cf.
716 3226 762 3276 Od.
775 3226 812 3274 IV
824 3227 852 3276 ll.

345 3312 378 3360 dc
393 3313 488 3375 quibus
504 3314 576 3362 infra
591 3330 674 3377 agam.

378 3399 409 3464 ¹¹)
442 3401 503 3460 ἴσως
525 3417 560 3451 an
584 3423 638 3463 πως
651 3405 796 3454 scribamus
809 3420 853 3469 pa·

340 3507 398 3541 rum
415 3493 504 3543 refert.

373 3580 444 3630 δυοῖν
468 3583 527 3646 μὲν.
538 3619 544 3630 .
554 3618 576 3630 ..
607 3582 722 3646 explicat
746 3583 854 3631 Reiske:

340 3671 410 3719 tanti
432 3686 485 3720 non
506 3673 602 3730 facias,
620 3677 647 3722 te
664 3673 747 3721 videri
763 3672 854 3721 inferi·

340 3775 411 3809 orem
435 3766 462 3810 et
483 3762 653 3810 imbelliorem
671 3774 727 3809 esse
745 3760 854 3808 duobus.

375 3847 405 3913 ¹²)
440 3849 478 3899 ὅτι
491 3850 520 3898 οὐ
533 3850 578 3898 τοῦ
590 3850 723 3912 νεκροῦ...
739 3847 854 3910 λάβοιεν,

341 3940 478 4002 redarguit
508 3940 598 3987 Ulixes
624 3939 650 3986 h.
668 3938 685 3986 l.
713 3951 756 3999 ea,
788 3952 855 3999 quae
880 3940 882 3945 '

346 4027 855 4092 dixeratniasrzoerecrepantpslsm

346 4121 378 4169 de
391 4118 529 4168 verborum
544 4117 635 4166 ordine
649 4117 683 4166 ci.
698 4118 780 4166 Blass.
795 4117 822 4166 ll.
881 4154 883 4181 ,

376 4209 436 4267 τοὺς
453 4210 502 4275 γὰρ
520 4208 625 4270 νεκροὺς
690 4206 809 4256 δάπτειν.
824 4234 856 4242 -

344 4300 439 4349 Sensus
451 4298 556 4347 videtur
568 4312 633 4346 esse:
644 4312 698 4345 non
711 4301 767 4344 tam
779 4301 856 4359 turpe

343 4394 384 4438 est
401 4403 507 4453 corpora
519 4403 573 4436 non
584 4387 700 4451 sepeliri,
712 4401 790 4448 quam
802 4401 856 4435 non

904 2613 957 2646 non
974 2597 1047 2646 reddi
1065 2597 1225 2658 rogantibus,
1242 2601 1273 2645 ut
1288 2597 1417 2660 sepelian-

905 2692 956 2737 tur.
990 2687 1091 2735 Eodem
1117 2686 1186 2735 redit
1212 2686 1311 2735 Reiskii
1335 2686 1417 2750 expli-

905 2777 987 2826 catio:
1015 2776 1044 2825 οὐ
1074 2777 1123 2842 γὰρ
1159 2775 1268 2840 αἰσχρόν
1301 2774 1354 2826 ἐστι
1387 2778 1418 2827 τὸ

906 2864 1034 2931 κειμένους
1052 2865 1099 2914 ἐᾶν
1115 2866 1176 2924 τούς
1193 2867 1306 2931 νεκροῦς,
1324 2867 1366 2914 καὶ
1382 2865 1418 2928 μή

906 2954 1069 3019 ἀναιρεῖσθαι
1092 2956 1158 3019 πρὸς
1175 2955 1224 3015 τήν
1241 2955 1342 3021 ταφὴν,
1360 2953 1418 3003 ἀλλ’

907 3043 1016 3110 αἰσχρόν
1034 3046 1086 3094 ἐστι
1105 3046 1135 3094 τὸ
1151 3046 1186 3108 μὴ
1203 3044 1355 3095 ἀποδιδόναι
1371 3045 1417 3093 αὐ-

909 3137 967 3193 τους
984 3139 1039 3194 τοῖς
1057 3135 1213 3199 προσήκουσι
1225 3135 1291 3199 πρὸς
1307 3136 1336 3184 τὸ
1347 3135 1417 3184 θάπ-

907 3244 961 3277 τειν
978 3225 1127 3275 ἀπαιτοῦσι.

942 3317 973 3364 σύ
990 3315 1037 3378 μὲν
1054 3313 1112 3363 οὖν.
1123 3349 1145 3363 ..
1167 3313 1236 3375 sign:
1253 3313 1323 3375 quod
1339 3313 1419 3361 facile

907 3407 979 3463 erat,
1012 3408 1044 3453 tu
1072 3403 1218 3463 sustulisti,
1252 3417 1300 3464 ego
1327 3407 1418 3451 eutem

908 3493 1037 3557 intercepi
1061 3493 1094 3542 τὰ
1116 3490 1285 3554 ὀνειδιζόμενα
1302 3493 1320 3541 i.
1337 3505 1359 3543 e.
1376 3507 1418 3553 ea,

908 3598 976 3645 qnae
999 3583 1115 3646 ipsorum
1141 3580 1313 3644 Trojanorum
1338 3582 1420 3645 pluris

908 3672 1419 3734 intereratconservarequoniamigna-

909 3763 967 3810 viae
980 3763 1101 3824 poterant
1110 3761 1235 3823 accusari,
1244 3761 1265 3810 si
1277 3762 1345 3825 passi
1354 3761 1419 3809 iuis-

910 3850 1420 3915 senteesibieripi.-Utraquesententie

910 3942 975 3988 mire
984 3941 1011 3988 et
1027 3943 1147 3988 contorte
1156 3939 1420 4000 dictaest,licetsen-

909 4030 1017 4091 tiramus,
1040 4029 1103 4091 quid
1114 4030 1169 4078 fere
1184 4032 1278 4078 auctor
1298 4029 1420 4079 voluerit.

909 4120 1009 4168 Attulit
1020 4134 1095 4183 opem
1109 4119 1211 4178 Reiske‚
1228 4119 1422 4167 demonstravit

910 4208 1136 4272 explicationibus,
1154 4208 1217 4271 quid
1233 4212 1365 4257 auctorem
1377 4223 1420 4258 vo-

910 4299 988 4347 luisse
996 4298 1132 4362 probabile
1140 4298 1183 4358 sit,
1192 4298 1237 4347 sed
1246 4298 1310 4358 iure,
1320 4299 1420 4362 opinor,

910 4388 1016 4450 ingenio
1032 4403 1087 4449 suo,
1112 4388 1154 4438 cni
1171 4388 1284 4437 multum
1300 4387 1329 4436 in
1350 4387 1422 4438 hisce
