3458 5182
858 366 876 426 7

321 563 460 624 sequens
481 546 598 604 titulus
621 547 754 605 indicat.
788 547 993 624 Quamquam
1015 548 1070 606 hie
1093 548 1209 606 titulus
1232 545 1311 623 (vol.
1335 548 1361 607 I.
1376 546 1409 626 3)

321 656 408 710 inter
437 654 549 710 titulos
579 670 597 710 a
624 652 771 726 Diogene
794 658 1061 713 commemoratos
1092 657 1235 713 maxime
1258 657 1410 713 omnium

321 761 424 817 variat
454 761 614 833 scriptura
643 763 675 817 et
704 759 826 832 forma,
854 762 912 818 vix
942 738 1085 818 dubitari
1116 761 1245 832 licebit,
1268 764 1350 836 quin
1373 780 1410 820 eo

322 864 466 922 indicata
497 865 539 923 sit
571 864 671 922 altera
702 864 774 936 illa,
808 883 890 942 quae
911 870 1057 941 superest
1080 866 1181 924 oratio
1203 866 1410 940 praecedenti

321 969 432 1027 Aiacis
454 969 590 1026 orationi
616 970 771 1043 opposita.
815 968 899 1028 Ecce
920 969 1069 1029 diversae
1090 970 1181 1028 tituli
1204 970 1341 1030 formae:

322 1073 349 1133 l·
391 1069 565 1148 Ὀδυσσεὺς
587 1073 697 1160 ἢσερὶ
718 1070 899 1150 Ὀδυσσέως
921 1075 971 1133 ed.
994 1074 1161 1149 Huebner,
1185 1073 1295 1136 Cobet.

321 1180 348 1240 2.
476 1203 489 1231 ν
584 1179 700 1267 ἢὺπὲρ
787 1204 800 1232 ν
926 1179 1411 1256 Oasaubonusconjecit‚reoe-

927 1289 976 1361 pit
998 1285 1126 1361 Sauppe
1149 1288 1184 1344 in
1207 1287 1304 1347 Oratt.
1327 1288 1396 1348 Au.

320 1390 348 1450 3.
477 1415 489 1444 υ
586 1393 605 1467 ἢ
627 1397 695 1479 περὶ
719 1388 907 1467 Ὀδυσσείας
930 1393 1101 1466 Mellagills
1124 1395 1208 1468 conj.

361 1497 501 1556 Videtur
522 1498 607 1556 mihi
629 1518 689 1557 nec
711 1501 838 1574 primus
860 1517 919 1557 nec
941 1499 1102 1559 secundus
1123 1501 1241 1559 titulus
1255 1500 1320 1560 huc
1336 1519 1412 1577 qua·

319 1603 428 1676 orare,
450 1607 566 1663 tertius
588 1610 697 1664 autem
719 1605 880 1664 absurdus
902 1622 979 1664 esse.

362 1708 493 1768 Etenim
524 1710 615 1783 vide,
649 1711 729 1786 quid
759 1709 914 1768 differant
936 1728 954 1768 a
976 1711 1113 1786 reliquis
1134 1711 1242 1769 titulis
1264 1714 1411 1772 eiusdem

319 1817 448 1888 generis
481 1818 516 1874 in
547 1815 657 1875 indice
689 1817 826 1875 traditis
872 1817 1095 1875 Inveniuntur
1120 1819 1183 1876 tria
1204 1817 1273 1876 fere
1294 1835 1412 1891 genera

318 1921 491 1978 titulorum
514 1922 716 1996 pleniorum,
740 1923 930 1981 nominibus
952 1924 1092 1998 propriis
1114 1925 1383 1998 compositorum:

360 2027 385 2090 α’
418 2026 555 2086 Nemini
585 2030 714 2102 proprio
736 2028 929 2102 adiungitur
951 2029 1152 2103 explanatio,
1175 2047 1239 2105 qua
1262 2030 1411 2086 materies

318 2137 451 2191 tractata
472 2133 638 2192 indicatur
659 2136 728 2194 sive
750 2135 943 2194 Antistheni
965 2135 1076 2193 debita
1097 2136 1166 2194 sive
1186 2137 1411 2209 grammatico:

359 2239 402 2298 cf.
423 2237 475 2298 21:
497 2237 658 2324 Ἡρακλῆς
680 2243 697 2304 ὁ
721 2238 879 2322 μείζωνῆ
907 2246 989 2326 περὶ
1019 2244 1171 2327 ἰσχύος.
1212 2239 1269 2300 22:
1304 2246 1412 2327 Κῦρος

321 2343 446 2429 ἧπέρὶ
468 2342 691 2430 βασιλείας.
717 2343 769 2405 26:
800 2347 916 2410 Σάθων
942 2344 962 2420 ἢ
985 2350 1071 2430 περὶ
1094 2351 1159 2409 τοῦ
1182 2343 1411 2431 ἀντιλέγειν,

319 2448 371 2509 57:
404 2449 565 2535 Ἡρακλῆς
593 2449 614 2526 ἦ
638 2456 723 2538 περὶ
750 2456 971 2538 φρονήσεως
993 2448 1015 2526 ἢ
1036 2453 1190 2538 ἰσχύος.
1236 2449 1286 2510 6οε
1317 2454 1413 2516 Μενί-

320 2553 412 2630 {avoc
441 2555 461 2631 ἦ
489 2561 575 2641 περὶ
597 2564 663 2622 τοῦ
686 2557 831 2643 ἄρχειν.
865 2555 916 2618 62:
938 2556 1120 2643 Ἀρχέλαος
1142 2555 1169 2632 ἠ“
1194 2564 1278 2643 περὶ
1304 2554 1412 2643 βασι-

319 2660 436 2737 λείας·

359 2765 395 2850 β’
415 2767 558 2829 Nomina
581 2771 709 2830 diversa
730 2770 991 2843 conjunguntur:

359 2874 401 2933 ef.
422 2871 475 2935 48:
507 2876 629 2949 Ἀθηνᾶ
660 2874 770 2962 ἢπερῖ
797 2874 996 2962 Τηλεμάχου.
1037 2875 1089 2936 51:
1121 2876 1263 2962 Κύκλωψ
1293 2875 1314 2953 ἢ
1342 2881 1411 2964 περὶ

318 2976 508 3054 Ὀδυσσέως·

359 3085 390 3171 γ’
412 3086 549 3160 Singula
571 3090 705 3146 nomina
727 3088 929 3148 indicantur:

358 3193 401 3253 cf.
424 3192 476 3272 41:
498 3198 568 3280 περὶ
590 3191 742 3278 Ὀμήρου.
769 3191 821 3254 43;
843 3201 912 3280 περὶ
928 3195 1134 3283 Κάλχαντος.
1165 3195 1216 3256 5οε
1238 3195 1307 3285 περὶ
1321 3204 1411 3284 Πρω-

317 3302 403 3375 τέως.
430 3304 489 3360 cet.

359 3405 393 3463 Si
416 3406 612 3480 singillatim
627 3405 724 3464 hosce
740 3406 854 3464 titulos
869 3423 1109 3482 comparamus,
1133 3412 1264 3484 apparet
1278 3409 1409 3467 nullum

317 3528 448 3586 prorsus
469 3512 607 3570 titulum
628 3511 718 3570 hunc
740 3513 776 3569 in
798 3512 934 3571 modum
957 3530 1025 3572 esse
1041 3515 1270 3586 constitutum,
1287 3517 1324 3572 ut
1339 3517 1411 3588 post

317 3598 439 3675 nomen
461 3634 536 3676 casu
560 3619 764 3675 nominativo
786 3620 931 3692 positum
953 3620 1089 3677 iteretur
1110 3605 1199 3677 idem
1216 3636 1336 3678 nomen
1353 3637 1411 3694 per

317 3723 469 3781 voculam
500 3725 572 3808 περί
603 3724 905 3798 circumscriptum,
936 3741 1035 3800 quam
1066 3723 1208 3782 formam
1241 3724 1277 3781 in
1300 3728 1409 3783 nostro

316 3828 414 3886 titulo
434 3829 651 3901 agnoscimus.
675 3828 758 3886 Inde
773 3830 876 3902 igitur
886 3827 1046 3886 affirmare
1057 3829 1164 3887 ausim
1174 3846 1234 3887 nec
1249 3830 1409 3904 primum:

316 3929 490 4007 Ὀδυσσεὺς
512 3932 531 4008 ἢ
551 3938 620 4019 περὶ
637 3930 817 4008 Ὀδυσσέως
833 3952 893 3993 nec
909 3933 1047 3992 alterum
1063 3934 1212 3993 titulum:
1235 3931 1409 4011 Ὀδυσσεὺς

317 4038 335 4113 ἢ
351 4039 427 4126 ὑπὲρ
442 4035 623 4116 Ὀδυσσέως
640 4045 726 4099 recte
742 4058 809 4099 sese
826 4040 954 4099 habere.
977 4039 1064 4110 Quid
1079 4044 1189 4099 autem
1204 4058 1409 4116 reponemus,

317 4160 421 4218 quum
432 4161 483 4203 res
495 4145 565 4218 ipsa
584 4148 714 4220 propter
726 4145 888 4203 turbatam
901 4145 1052 4204 codicum
1065 4147 1293 4205 condicionem
1306 4150 1409 4207 nostri

317 4248 442 4306 arbitrii
481 4267 548 4308 esse
588 4249 760 4308 videatur?
797 4248 1007 4309 Oasaubonus
1040 4253 1129 4310 viam
1160 4251 1408 4322 demonstravit;

318 4370 431 4428 operae
463 4356 607 4428 pretium
637 4354 769 4413 videtur
790 4357 861 4414 eius
883 4355 1128 4415 adnotationem
1149 4357 1190 4415 ad
1212 4356 1278 4417 h.l.
1301 4358 1408 4435 plenis
