3458 5182
705 362 833 409 ·II

798 611 836 671 V.

315 791 379 850 Dio
401 788 516 864 Chrys.
539 789 624 849 Orat.
648 788 744 847 VIII.
775 785 788 866 ᾗ
814 785 852 848 35
875 787 931 865 (de
952 787 1096 866 Arnim).

354 956 395 965 -
410 918 522 995 ’δείξας
546 923 593 985 ὅτι
615 917 708 986 οὐδὲν
729 916 842 991 ἄξιον
863 917 1022 1005 ἐφρόντιζε
1043 925 1099 983 τοῦ
1121 924 1265 1004 πυρετοῦ.

316 1049 494 1126 Expunge:
516 1046 617 1122 ἄξιον.

317 1439 444 1500 Lucret.
467 1439 505 1499 V.
528 1438 597 1500 312.

380 1571 523 1647 denique
553 1588 619 1628 uon
652 1571 855 1628 monimenta
891 1570 1002 1627 vlrum
1034 1568 1160 1643 dilapsa
1188 1569 1363 1627 videmus?

378 1690 531 1777 quaerere
546 1699 562 1772 †
579 1718 733 1776 proporro
755 1698 850 1771 sibi†
873 1717 1014 1776 cumque
1036 1717 1201 1758 senescere
1223 1699 1343 1758 credas.

316 1831 437 1889 Versus
459 1833 504 1888 ita
527 1830 750 1889 constiiuendi
772 1834 865 1888 suni:

378 1961 522 2036 denique
558 1978 625 2018 ncn
660 1962 864 2018 menImenia
896 1961 1006 2018 virum
1040 1961 1165 2035 dilapsa
1200 1959 1365 2033 videmus,

381 2091 495 2150 cedere
518 2108 685 2165 proporro,
708 2091 926 2166 quodcunque
949 2107 1114 2149 senescere
1137 2092 1270 2149 cernas?

784 2326 861 2385 VII.

319 2483 446 2543 Lucret.
469 2483 509 2541 V.
532 2479 704 2544 878-881:

361 2612 425 2672 Sed
448 2601 561 2689 'neque
590 2611 745 2671 Centauri
773 2611 922 2684 fuerunt,
951 2629 1011 2670 nec
1033 2616 1178 2686 tempore
1201 2613 1236 2669 in
1259 2612 1327 2670 ullo

363 2761 431 2803 esse
454 2750 617 2819 queunt
638 2742 764 2816 duplici
787 2746 902 2800 natura
924 2746 957 2800 et
977 2759 1109 2817 corpere
1131 2742 1209 2800 bino

363 2893 403 2933 ex
424 2873 617 2947 alienigenIS
639 2873 796 2931 membris
819 2868 999 2947 cdmpaclu,
1026 2876 1165 2947 potestas

360 3005 440 3063 hinc
463 3004 558 3062 illinc
581 3005 714 3078 parIIs
736 3006 772 3059 ul
795 3019 861 3059 non
883 3019 941 3077 par
962 3018 1029 3062 esse
1052 3004 1190 3076 potissit.

320 3133 406 3207 Lege
428 3130 487 3194 879
509 3151 570 3209 eq.:

362 3281 429 3322 esse
452 3268 549 3340 queat
571 3263 698 3337 duplici
721 3267 849 3335 natura,
872 3268 904 3320 et
925 3279 1057 3337 corpore
1079 3262 1157 3320 blno

361 3413 402 3453 ex
424 3396 620 3469 alienigenis
642 3396 801 3454 membris
822 3398 988 3469 compacta
1013 3399 1166 3470 potestas,

362 3527 441 3586 hinc
463 3529 559 3586 illinc
581 3528 682 3586 facies
704 3532 740 3586 ut
762 3547 828 3586 non
850 3545 908 3602 par
929 3544 997 3587 esse
1019 3528 1156 3601 potissit.

775 3763 872 3822 VIII.

323 3916 389 3977 Oic.
413 3915 498 3976 Lael.
522 3917 590 3976 XII
615 3914 683 3994 (40)

405 4049 548 4107 Defiexit
577 4050 668 4107 enim
690 4050 756 4106 iam
778 4047 1022 4123 aliquantulum
1043 4047 1083 4105 de
1106 4049 1210 4122 spatio
1227 4047 1368 4104 curricu-

363 4182 460 4258 loque
482 4179 735 4239 ccnsueludo
757 4180 928 4236 maiorum.

323 4310 420 4385 Lege:
442 4315 605 4369 consueto,
