3458 5182
845 388 884 449 10

359 570 453 628 Vixit
485 568 698 627 Antisthenes
730 571 770 627 ab
797 588 883 628 anno
905 568 977 628 4440
1001 588 1104 647 usque
1125 571 1166 628 ad
1187 580 1313 627 annum
1337 569 1407 626 fere

318 672 426 735 3650111,
443 676 468 753 l)

357 780 385 857 ⁹)
408 780 502 839 Vidit
533 783 642 857 itaque
674 781 845 840 florentem
879 783 1099 857 sophistarum
1123 762 1252 853 artem,
1277 781 1407 839 audivit

318 884 524 957 facundiam,
547 903 644 962 quarn
667 904 774 964 neque
797 887 889 945 Plato
913 890 1028 962 opinor
1051 893 1117 946 tam
1137 889 1253 946 acriter
1278 889 1406 961 impug-

319 995 439 1062 nasset,
462 991 488 1049 si
512 1008 644 1064 parvam
667 1010 703 1051 ac
725 993 852 1052 nullius
872 994 1030 1053 momenti
1052 997 1204 1068 putasset.
1247 991 1406 1050 Animad-

320 1096 416 1153 vertit
438 1097 540 1168 igitur
565 1095 779 1156 Antisthenes
800 1099 1076 1171 adulescentulus,
1092 1117 1268 1175 quamnam
1283 1096 1406 1156 sarnam

318 1201 469 1260 homines
491 1203 556 1275 illi,
579 1220 708 1262 summo
724 1206 858 1277 ingenio
874 1210 906 1263 et
921 1206 1057 1264 scientia
1073 1206 1279 1276 excellentes,
1295 1203 1405 1276 adepti

318 1312 438 1381 essent,
462 1312 493 1366 et
514 1326 613 1384 quam
636 1307 759 1366 famam
782 1310 817 1366 in
839 1309 1031 1369 erudiendis
1047 1309 1308 1369 adolescentibus
1324 1308 1405 1366 obti-

318 1417 441 1471 nerent.
485 1412 681 1489 Eloquentia
713 1415 802 1471 enim
829 1415 951 1472 eximia
973 1415 1127 1488 praediti,
1151 1433 1217 1473 non
1239 1415 1346 1474 solum
1369 1415 1404 1470 in

317 1520 435 1577 studiis
467 1519 688 1591 grammaticis
718 1518 897 1577 admodum
919 1521 1037 1577 versati
1060 1524 1166 1593 erant,
1189 1520 1246 1578 sed
1269 1521 1404 1578 omnino

317 1623 685 1682 studiisliberalioribus
696 1624 859 1681 vacabant.
876 1622 1027 1682 Ceterum
1038 1624 1272 1683 Antisthenem
1280 1625 1405 1699 sophis-

316 1736 423 1786 tarum
446 1729 654 1786 institutione
677 1746 772 1787 usum
796 1746 865 1788 esse
888 1747 948 1787 nec
970 1731 1145 1805 quisquam
1167 1733 1263 1802 negat
1285 1734 1316 1787 et
1331 1747 1404 1787 con-

317 1833 449 1892 firmant
460 1835 670 1910 antiquorum
683 1835 881 1907 testimonia,
895 1837 980 1892 inter
991 1853 1073 1911 quae
1086 1838 1231 1910 primum
1241 1835 1404 1894 laudanda

316 1945 392 1998 sunt
421 1940 515 2014 Diog.
547 1939 650 1999 Laert.
675 1941 736 2013 VI,
759 1939 786 1999 1.
830 1940 913 2001 Xen.
938 1941 1049 2016 Symp.
1073 1941 1134 2012 IV,
1157 1939 1205 2000 62.
1247 1940 1403 1999 Nostrum

318 2063 392 2119 ergo
424 2051 472 2105 est
503 2065 674 2123 quaerere,
704 2048 903 2123 quibusnam
925 2050 961 2105 in
984 2049 1080 2107 rebus
1101 2048 1317 2106 Antisthenes
1340 2047 1404 2106 dis·

317 2152 447 2227 cipulus
482 2154 651 2226 magistros
689 2170 762 2212 suos
799 2155 820 2210 i.
852 2171 878 2212 e.
912 2153 1071 2228 sophistas
1115 2158 1245 2211 secutus
1288 2153 1330 2209 sit
1372 2155 1404 2209 et

317 2274 478 2333 quaenam
507 2259 645 2332 vestigia
674 2259 870 2317 eruditionis
898 2259 991 2317 illius
1013 2261 1157 2316 inveniri
1180 2260 1314 2334 possint.
1354 2257 1403 2315 De

317 2365 472 2442 sophistis
495 2366 605 2440 itaque
628 2367 740 2439 paucis
763 2364 846 2422 mihi
870 2364 1106 2439 disputandum
1129 2371 1185 2422 est.

358 2471 536 2530 Nectamcn
560 2475 631 2545 post
652 2471 832 2528 multorum
856 2471 966 2528 doctos
988 2470 1113 2528 labores
1132 2473 1167 2528 in
1185 2470 1402 2546 sophistarum

317 2576 599 2653 philosophemata
621 2577 796 2651 inquiram.
840 2574 925 2645 Quid
948 2576 1039 2632 enirn
1060 2577 1236 2633 attineret?

358 2682 406 2739 De
429 2683 558 2756 scriptis
579 2681 789 2739 Antisthenis
810 2682 877 2754 agit
899 2682 1083 2739 dissertatio
1099 2699 1183 2749 mea;
1199 2683 1403 2757 quapropter,

317 2792 352 2845 ut
368 2788 614 2858 constituamus,
638 2787 719 2862 quid
742 2787 897 2860 sophistis
920 2790 955 2844 in
977 2793 1043 2845 arte
1066 2787 1231 2845 scribendi
1254 2786 1404 2843 debuerit

317 2891 471 2968 Cynicus,
494 2893 684 2966 praesertim
707 2892 747 2950 de
771 2892 890 2951 litteris
903 2892 1123 2967 sophistarum
1139 2892 1317 2950 dicendum
1333 2893 1403 2961 erit,

316 3016 515 3076 quamquam
538 3014 643 3072 neque
666 2996 809 3068 diversa,
831 3014 913 3073 quae
930 2997 1070 3070 singulis
1085 2997 1239 3072 sophistis
1253 2997 1403 3055 tribuun-

316 3110 370 3163 tur
391 3104 523 3179 placita,
547 3102 653 3178 neque
675 3103 834 3174 argutiam,
856 3101 977 3176 quibus
999 3101 1138 3159 aliorum
1162 3102 1325 3160 doctrinas
1350 3120 1404 3177 op·

315 3210 505 3285 pugnabant
526 3225 654 3282 semper
676 3207 808 3265 silentio
830 3224 976 3281 premere
999 3206 1120 3264 licebit.

358 3316 398 3374 In
417 3315 594 3374 tractandis
609 3313 829 3388 sophistarum
846 3313 965 3372 litteris
976 3312 1189 3389 artificiisque
1202 3315 1237 3371 in
1250 3319 1403 3390 promptu

316 3426 364 3479 est
386 3439 423 3480 ea
444 3422 653 3496 potissimum
675 3419 760 3477 mihi
784 3421 819 3476 in
841 3419 990 3477 medium
1005 3419 1201 3494 proferenda
1215 3436 1298 3491 esse,
1322 3438 1403 3496 quae

316 3524 506 3585 Antistheni
529 3525 678 3600 exemplo
700 3523 802 3583 fuisse
825 3524 989 3582 videntur.
1017 3522 1176 3593 Quaeram
1199 3526 1301 3597 igitur
1323 3545 1403 3584 num

316 3649 398 3708 quae
429 3633 506 3689 artis
539 3629 736 3705 sophisticae
759 3632 794 3687 in
816 3629 1010 3702 fragmentis
1033 3628 1245 3688 Antisthenis
1268 3632 1404 3705 vestigia

315 3734 491 3812 supersint,
524 3735 565 3793 ad
597 3740 700 3793 certos
732 3739 879 3793 auctores
902 3735 1027 3808 possint
1049 3734 1174 3793 referri.
1219 3734 1403 3810 Sophistas,

316 3844 373 3919 qui
405 3840 544 3900 Socratis
577 3844 678 3897 aetate
711 3846 742 3897 et
774 3840 870 3914 paulo
903 3843 977 3898 ante
1003 3839 1176 3912 florebant,
1200 3859 1313 3900 omnes
1335 3842 1404 3901 fere

316 3949 409 4006 novit
430 3947 654 4005 Antisthenes.

348 4199 371 4263 l)
406 4201 461 4258 Quo
478 4204 595 4263 tempore
616 4200 725 4260 vixerit,
745 4201 878 4265 Chappuis
895 4215 920 4263 p.
939 4203 983 4248 171
1004 4217 1040 4262 sq.
1059 4202 1161 4264 copiose
1178 4202 1304 4265 disputat.

347 4288 371 4351 ²)
406 4289 539 4353 Ohappuis
564 4305 588 4352 p.
617 4291 674 4349 173,
700 4304 752 4350 quo
777 4293 895 4353 tempore
920 4290 1035 4352 singulos
1060 4291 1192 4354 sophistas
1208 4293 1360 4353 cognoverit
1377 4296 1404 4339 ct

315 4379 458 4442 audiverit,
476 4381 587 4440 quaerit.
