3458 5182
841 374 880 442 82

318 581 400 642 quac
422 567 611 642 ceteroquin
636 567 730 640 iungi
753 566 867 624 solent.
900 564 990 623 Talia
1004 562 1158 638 Gorgiam
1171 562 1405 641 quoqueadhi-

318 672 427 731 buisse
438 669 575 730 artificia
586 673 753 740 novimus;
772 688 832 729 nec
844 672 976 743 mirum,
990 671 1118 745 periodi
1133 671 1223 728 enirn
1236 675 1268 728 et
1281 669 1402 744 figurae

318 780 354 835 in
378 776 552 836 artificiosa
574 779 718 836 oratione
741 779 921 854 quaesitam
943 780 1180 836 sententarium
1207 781 1403 836 structuram

318 882 475 941 efficiunt.
503 881 660 942 Consulto
681 887 844 957 praeterea
865 887 976 941 auctor
998 883 1151 957 diligenti
1167 885 1402 957 compositione

319 992 350 1047 et
382 988 593 1046 collocatione
625 986 735 1046 verbis
760 989 828 1047 suis
849 987 978 1062 pondus
1001 987 1077 1046 dare
1100 987 1217 1047 studet.
1261 987 1402 1046 Protulit

320 1097 385 1152 iam
407 1093 551 1152 Blassius
573 1111 603 1151 ν.
626 1093 665 1151 cl.
688 1094 838 1168 exempla
860 1093 994 1152 haecce:

360 1200 413 1258 Al·
434 1198 464 1258 7:
488 1197 586 1272 ἀλλ’ἢ
602 1200 804 1284 μαχομένους
819 1197 974 1284 κρατεῖνῆ
991 1194 1151 1264 δουλεύειν
1167 1203 1272 1286 σιωπή
1292 1231 1333 1239 -
1355 1199 1404 1255 iu·

318 1323 412 1365 verso
433 1306 548 1364 ordine
570 1305 656 1363 dixit
677 1309 788 1363 auctor
810 1322 881 1380 pro:
905 1308 1009 1390 σιωπῇ
1031 1301 1200 1369 δουλεύειν.
1217 1303 1242 1381 ¹)

360 1411 419 1471 Od.
452 1410 489 1470 l:
522 1417 569 1477 καὶ
593 1410 717 1486 ζῶντος
749 1409 788 1476 ἂν
821 1409 936 1496 ἐ’λεγον
968 1408 1147 1497 Ἀχιλλέως
1170 1442 1209 1452 -
1230 1409 1402 1467 divellitur

320 1518 445 1594 Ζῶντος
467 1518 507 1576 ub
530 1516 721 1605 Ἀχιλλέως·
736 1517 764 1593 ²)

361 1622 419 1683 Od.
443 1623 474 1684 2:
500 1621 600 1688 πλέον
622 1625 765 1708 ἐγίγνετο
788 1619 881 1688 οὐδὲν
903 1655 942 1666 -
964 1623 1184 1696 interponitur
1206 1623 1357 1706 ἐγίγνετο·
1373 1618 1401 1696 ²)

360 1727 419 1786 Od·
442 1726 494 1788 12:
526 1729 583 1793 οὐκ
615 1727 757 1792 οἶσθ’ὅτι
790 1729 827 1792 οὐ
861 1735 916 1791 τοῦ
944 1733 1055 1816 νεκροῦ
1077 1736 1145 1802 τοῖς
1168 1731 1292 1812 Τρωσὶν
1314 1724 1400 1790 ἀλλὰ

319 1836 383 1897 τῶν
415 1833 526 1898 ὅπλων
559 1833 665 1916 ἕμελεν
698 1837 785 1908 ὅπως
813 1830 949 1919 λάβοιεν
970 1835 1006 1891 in
1031 1851 1094 1909 qua
1116 1838 1277 1892 structura
1298 1835 1401 1891 maxi-

318 1956 406 1996 mam
438 1941 508 1996 vim
541 1939 658 1998 habere
690 1940 788 1998 verba
820 1941 855 1997 in
888 1937 954 1998 fine
986 1940 1107 2014 posita:
1141 1941 1231 2014 ὅπως
1264 1935 1401 2025 λάβοιεν

318 2044 459 2121 quilibet
489 2045 586 2103 facile
619 2048 736 2105 sentiet
767 2079 808 2087 —
836 2047 926 2104 idem
947 2046 1034 2103 valet
1056 2048 1090 2102 in
1114 2044 1172 2104 Od.
1196 2045 1243 2105 12.
1264 2079 1305 2088 -
1326 2049 1401 2120 τοὺς

318 2151 381 2237 γὰρ
409 2154 539 2237 νεκροὺς
566 2152 603 2215 οὐ
626 2159 693 2225 τοῖς
716 2152 773 2215 οὐκ
795 2150 1032 2238 ἀναιρουμένοις
1055 2154 1201 2238 αἰσχρον,
1225 2150 1312 2216 αλλα
1333 2179 1402 2226 τοις

319 2259 361 2339 μὴ
383 2252 571 2323 ἆποὸίὸουσι
592 2257 733 2321 δάπτειν·
748 2256 775 2334 3)

359 2361 458 2420 Hisce
481 2363 641 2437 exemplis
663 2364 833 2438 sequentia
854 2362 1032 2436 adjungere
1054 2363 1168 2420 velim:

358 2465 411 2525 Ai·
445 2465 476 2525 7:
510 2467 673 2552 γνώσεσθε
705 2469 751 2531 ὅτι
784 2464 930 2549 οὐδεμίαν
963 2467 1026 2552 ἔχει
1058 2466 1161 2553 λόγος
1196 2470 1281 2555 πρὸς
1303 2467 1398 2557 ἔργον

318 2575 415 2658 ἰσχύν
446 2605 488 2614 -
519 2568 668 2654 οὐδεμίαν
700 2573 797 2646 longo
832 2573 1004 2630 intervallo
1036 2573 1076 2630 ab
1109 2575 1204 2659 ἰσχὺν
1225 2579 1399 2648 separatur,

318 2695 421 2754 quum
454 2679 587 2752 insuper
619 2678 800 2752 euphoniae
833 2677 967 2736 fortasse
1001 2694 1096 2736 causa
1128 2679 1213 2736 inter
1241 2676 1346 2764 λόγος
1367 2681 1399 2735 et

317 2785 413 2869 ἰσχὺν
435 2784 596 2841 inseratur
616 2783 700 2870 πρὸς
721 2781 827 2868 ἐ’ργον·
1454 2766 1457 2770 λ

359 2887 418 2947 Od.
455 2887 486 2945 7:
523 2892 570 2952 καὶ
608 2882 729 2951 δεδιότα
761 2889 818 2951 τὸν
851 2873 993 2951 θάνατον
1023 2886 1160 2969 μάλιστα
1192 2921 1232 2929 -
1261 2887 1400 2971 μάλιστα

318 2995 462 3052 maxime
496 2991 682 3068 (timentem
710 2991 862 3069 mortem)
897 2992 1045 3050 consulto
1066 2997 1268 3067 postremum
1290 2995 1397 3053 iocum

317 3101 452 3159 obtinet.

358 3205 416 3264 Od.
446 3202 478 3263 9:
508 3204 546 3267 οὐ
579 3204 642 3290 γὰρ
665 3199 767 3267 δοκεῖν
789 3205 806 3266 ὁ
828 3201 999 3285 πολεμικὸς
1020 3201 1106 3268 ἀλλὰ
1130 3200 1207 3292 δρῖιν
1231 3202 1275 3270 du
1296 3210 1344 3271 καὶ
1367 3209 1399 3272 ἐν

318 3315 414 3401 ἡμέρᾳ
442 3308 491 3376 καὶ
515 3311 548 3373 ἐν
570 3312 654 3373 νυκτὶ
677 3306 760 3392 φιλεῖ
781 3334 808 3371 τι
829 3341 868 3349 -
891 3313 1002 3367 contra
1024 3308 1191 3381 vulgarem
1215 3326 1310 3368 usum
1333 3311 1398 3371 h.l.

317 3450 345 3485 η
367 3419 475 3495 posuit
497 3420 608 3476 auctor
630 3416 665 3473 in
687 3415 868 3474 sententiae
890 3412 965 3473 fine.

358 3523 416 3582 Od.
440 3521 491 3583 12:
515 3524 551 3586 τὰ
577 3518 608 3587 δὲ
621 3519 707 3586 ὅπλα
720 3519 891 3595 ἀναθήσειν
903 3525 946 3595 εἰς
957 3521 994 3584 τὰ
1008 3522 1072 3607 ἱερὰ
1085 3529 1153 3595 τοῖς
1164 3525 1251 3596 θεοῖς
1262 3556 1301 3564 -
1313 3540 1399 3580 com-

316 3758 342 3806 ἐκ
366 3756 501 3822 φρυγάνων
519 3753 636 3810 ἀναστὰς
655 3753 794 3816 ἅνθρωπος
812 3750 935 3814 ὀδυνήσει,
953 3752 1034 3800 καίτοι
1051 3753 1129 3802 ταὺτὸ
1147 3750 1237 3814 εἰπὼν,
1257 3754 1286 3802 οὐ
1304 3756 1400 3804 ταύτὸν

316 3848 352 3898 ἔτι
368 3844 549 3912 νομισθήσεται
566 3841 656 3908 λέγειν.
674 3869 705 3876 -
723 3841 758 3890 cf.
777 3842 858 3888 Blass.
875 3841 905 3889 ll.
922 3857 947 3904 p.
965 3841 1020 3890 342.

350 3939 372 4000 1)
391 3936 468 3998 „Und
484 3950 512 3983 so
529 3933 617 3982 finden
634 3933 683 3981 wir
700 3932 767 3979 auch
785 3931 842 3979 hier
854 3931 912 3979 eine
924 3931 1010 3979 solche
1021 3931 1151 3993 gcwthlte
1166 3932 1357 3995 Wortstellung
1367 3961 1400 3969 —

315 4029 375 4077 weil
401 4027 464 4075 Aias
488 4026 546 4072 hier
570 4023 620 4071 den
646 4021 822 4082 recesertigen
841 4020 971 4082 Odysscus
987 4025 1145 4082 verspottot‚
1163 4021 1209 4068 der
1226 4020 1335 4068 alsdann
1353 4037 1399 4084 gar

315 4117 390 4167 nicht
407 4116 486 4164 reden
503 4112 585 4162 dari.''
603 4140 635 4147 —
652 4111 762 4175 χιασμός
781 4124 882 4172 quoque
899 4109 949 4157 hac
966 4109 1135 4157 collocatione
1153 4109 1243 4158 oritur.

348 4206 371 4268 ²)
391 4206 458 4265 „Mit
475 4204 617 4263 Trennung
633 4201 677 4248 des
697 4198 1017 4260 Zusammengehiirigen.”
1035 4227 1067 4232 -
1093 4198 1163 4246 Talis
1179 4198 1318 4248 verborum
1337 4201 1399 4250 ordo

316 4297 418 4359 saepius
435 4294 504 4356 apud
521 4295 611 4354 poetas
628 4289 768 4338 invenitur.

347 4383 371 4447 ³)
390 4384 457 4444 „Mn
475 4381 643 4443 energischen
662 4378 982 4440 Zusammenschliessung
997 4379 1042 4426 des
1059 4393 1158 4440 ganzen
1177 4379 1286 4429 Satzes.'’
