3458 5182
983 378 1023 439 14

457 577 525 618 esse
547 559 762 618 tribuendum
783 561 959 619 titulorum
980 562 1206 622 similitudini.
1239 564 1325 624 Fieri
1338 583 1415 625 sane
1431 571 1547 641 potest,

457 670 493 723 ut
529 684 570 723 ne
610 666 708 724 verbo
747 664 881 742 quidem
923 683 989 724 uno
1027 665 1111 724 liber
1146 667 1356 729 Antisthenis
1388 677 1458 756 περὶ
1490 679 1546 736 roi

455 775 627 854 μανθάνειν
660 773 809 847 opusculi
843 772 1028 846 Protagorei
1056 778 1127 860 περὶ
1159 778 1222 839 τῶν
1255 776 1448 858 μαθημάτων
1480 795 1547 834 me-

456 885 594 941 moriam
626 885 835 942 revocaverit.
879 882 943 941 Sed
975 888 1022 942 est
1054 885 1199 959 aliquid,
1233 887 1298 945 nisi
1324 886 1432 959 fallor,
1459 887 1546 963 quod

456 1006 497 1045 ex
534 988 709 1046 duodecim
747 989 876 1063 scriptis
915 988 1106 1063 Protagorae
1147 992 1235 1065 apud
1265 992 1448 1067 Diogenem
1481 1011 1546 1051 me-

456 1096 604 1166 morat-is,
637 1100 761 1169 septem
793 1094 846 1153 vel
879 1095 993 1154 eadem
1019 1096 1071 1154 vel
1101 1095 1306 1155 fereeadem
1328 1096 1434 1157 forma
1455 1099 1545 1157 tituli

455 1201 542 1275 apud
574 1201 808 1260 Antisthenem
840 1202 974 1260 redeant
1004 1207 1036 1260 et
1064 1201 1123 1260 *hic
1145 1202 1291 1277 profecto
1313 1203 1435 1261 valebit·
1458 1205 1545 1280 quod

456 1309 641 1367 observavit
680 1308 769 1382 Joel,
810 1307 985 1366 titulorum
1018 1308 1241 1367 similitudine
1274 1325 1368 1382 saepe
1400 1313 1546 1367 auctores

455 1418 579 1474 veteres
609 1414 770 1474 indicasse
802 1431 843 1470 ex
875 1416 1047 1472 cuiusnam
1080 1414 1232 1490 exemplo
1264 1432 1361 1489 opera
1388 1432 1446 1474 sua
1471 1433 1545 1474 con·

455 1522 632 1580 stituerint.

495 1627 582 1686 Dein
614 1631 750 1704 uterque
783 1632 850 1686 tam
880 1627 1068 1699 Protagoras
1097 1644 1195 1703 quam
1218 1627 1457 1686 Anthisthenes
1479 1630 1545 1701 egit

453 1734 494 1791 de
516 1740 603 1792 recto
624 1734 799 1791 verborum
822 1751 882 1793 usu
905 1752 935 1810 qi
958 1734 989 1792 d.
1012 1736 1190 1820 ὀρὲοέπειω
1210 1734 1234 1810 ¹)
1257 1739 1393 1811 uterque
1414 1736 1449 1792 in
1471 1736 1551 1792 uni·¹

453 1857 585 1897 versum
607 1857 770 1898 summam
802 1857 914 1897 curam
936 1840 972 1896 in
993 1841 1214 1911 grammaticis
1237 1840 1354 1899 studiis
1376 1843 1485 1915 posuit
1507 1842 1543 1898 in

454 1944 570 2002 formis
601 1946 824 2017 grammaticis
856 1945 1060 2019 explicandis
1090 1945 1343 2022 definiendaque
1365 1952 1451 2005 recte
1475 1965 1542 2004 ver-

454 2050 571 2108 borum
593 2051 787 2110 elocutione.

493 2157 550 2221 τὸν
578 2155 682 2240 λόγον
710 2160 846 2232 uterque
873 2157 998 2213 ratione
1020 2173 1056 2213 ac
1078 2157 1193 2214 ordine
1215 2156 1377 2231 explicare
1399 2160 1542 2214 conatur.

454 2260 641 2320 Orationem
658 2261 845 2334 Protagoras
857 2261 979 2318 dividit
992 2265 1145 2335 quattuor
1157 2263 1191 2318 in
1204 2265 1309 2336 partes
1323 2284 1329 2320 :
1345 2261 1372 2340 ἓ)
1395 2262 1543 2347 εὐχωλὴν

453 2371 620 2455 ἐρώτησιν,
657 2367 826 2453 ἀπόκρισιν
860 2367 916 2442 (Cf.
949 2366 1159 2426 Antisthenis
1192 2367 1315 2425 librum
1347 2364 1440 2426 30¹¹¹¹¹2
1472 2373 1541 2454 περὶ

454 2469 1540 2560 ἐρωτήσεωςκαὶάποκρῖσεως),ἓντολήν;16111111(111111Α1111111111111113)

452 2580 557 2665 λόγος
579 2576 663 2644 ἐστὶν
685 2582 702 2642 ὁ
724 2580 761 2643 τὸ
782 2582 813 2643 τί
833 2582 870 2654 ἦν
893 2578 911 2652 ἢ
932 2578 995 2643 ἔστι
1019 2575 1135 2652 δηλῶν.
1177 2577 1367 2653 Opportune
1396 2595 1540 2654 quoque,

453 2689 569 2771 opinor
600 2685 672 2744 Joel
707 2684 936 2758 Protagoreum
969 2681 1541 2769 11111114)δύολόγουςεῖυαιπερὶ

452 2793 573 2867 παντὸς
605 2792 794 2877 πράγματος
825 2789 1053 2871 ἀντικειμένους
1086 2788 1246 2865 ἀλλήλοις
1278 2794 1443 2865 comparat
1464 2806 1540 2848 cum

451 2898 662 2957 Antisthenis
684 2897 978 2955 declamationibus
999 2895 1098 2955 Aiace
1120 2899 1153 2954 et
1166 2895 1275 2970 Ulixe,
1291 2914 1373 2973 quae
1385 2902 1540 2972 tanquam

452 3005 650 3079 exemplaria
671 3004 771 3062 huius
794 3003 1032 3061 enuntiationis
1053 3004 1156 3077 accipi
1179 3007 1323 3078 possunt.

493 3111 645 3187 Denique
678 3113 797 3186 quanta
830 3112 877 3168 est
904 3108 1076 3167 concordia
1098 3110 1133 3166 in
1156 3108 1327 3184 utriusque
1349 3107 1478 3182 placitis
1499 3108 1540 3166 de

452 3218 660 3275 institutione
696 3219 766 3301 περὶ
802 3211 963 3288 galletae!
1007 3213 1064 3274 Uti
1101 3213 1289 3286 Protagoras
1322 3215 1540 3273 institutionis

451 3322 682 3398 praestantiam
704 3319 887 3378 identidem
910 3319 1088 3394 profitetur,
1111 3321 1157 3378 sic
1173 3318 1387 3379 Antisthenes
1401 3319 1539 3378 eandem

452 3444 619 3486 summum
642 3428 727 3484 vitae
750 3429 878 3483 nostrae
901 3424 1046 3483 officium
1062 3424 1212 3497 declarat,
1229 3426 1324 3501 cique
1339 3425 1538 3498 singularem

451 3534 576 3591 librum
587 3532 614 3608 ⁵)
651 3531 777 3590 tribuit.
829 3529 870 3589 Et
892 3530 980 3607 quod
1003 3535 1182 3589 memoratu
1206 3531 1438 3603 dignissimum
1472 3547 1539 3589 esse

452 3639 599 3710 videtur,
644 3639 752 3696 omnis
788 3638 1008 3696 institutionis
1043 3635 1299 3694 fundamentum
1334 3637 1435 3694 situm
1471 3653 1539 3695 esse

450 3847 695 3858 ———-—

486 3964 504 4029 ¹)
538 3965 573 4013 cf.
592 3962 660 4011 Plat.
673 3960 792 4020 Phaedr,
810 3961 938 4022 111110,
955 3961 998 4009 28;
1016 3960 1072 4024 περὶ
1085 3959 1200 4017 παιδείας
1218 3960 1234 4020 ἣ
1249 3959 1382 4024 ὀνομάτων
1394 3958 1513 4026 α’β’γ’ὁ’
1522 3960 1540 4010 ε’

453 4059 484 4105 29
502 4055 530 4103 ll.
549 4056 574 4102 l:
592 4053 647 4117 περὶ
664 4049 754 4108 λέξεως
771 4049 788 4110 ἢ
807 4050 864 4114 περὶ
881 4049 1057 4114 χαρακτήρων,

483 4143 507 4206 ²)
541 4144 576 4194 cf.
595 4143 686 4200 Quint.
704 4143 806 4203 Ill,4,
826 4143 864 4190 10.

483 4233 507 4296 ³)
543 4233 618 4294 Dieg.
635 4232 722 4281 Lacrt.
742 4231 786 4291 VI,
803 4233 827 4282 3.

483 4323 507 4384 ⁴)
543 4323 618 4383 Diog.
635 4322 723 4371 Laert.
742 4321 796 4380 IX,
815 4322 858 4379 55;
875 4320 910 4368 id.
928 4320 984 4380 III,
1001 4322 1040 4381 37,
1058 4323 1097 4369 ti.

483 4411 507 4475 ⁵)
541 4416 583 4460 30:
601 4410 799 4477 rectractetur.
