3458 5182
848 374 886 437 59

363 560 427 620 Sed
455 564 521 621 iam
548 562 631 624 satis.
674 563 763 623 Haec
793 563 893 623 habui
915 564 956 622 de
977 561 1183 624 Antisthenis
1205 560 1321 623 studiIs
1343 561 1410 621 Ho-

321 665 463 741 mericis,
486 686 567 745 quae
590 668 741 729 dicerem.

362 772 465 833 Parva
496 779 602 847 erant,
635 773 793 845 concedo,
825 773 882 832 sed
915 772 994 851 quid
1026 774 1066 832 ad
1096 774 1174 832 haec
1196 772 1260 832 dici
1281 774 1409 848 potest?

321 878 448 938 Desunt
477 879 650 939 manifesta
671 878 866 954 scriptorum
887 878 1033 953 vestigia;
1063 877 1150 938 tituli
1172 877 1228 957 qui
1250 876 1310 939 soli
1340 876 1409 936 fere

320 989 496 1061 supersunt
527 1002 621 1060 saepe
649 982 790 1043 mutilati
813 989 905 1057 sunt,
927 983 981 1043 hic
1003 983 1070 1043 illic
1091 985 1143 1042 vel
1167 983 1313 1042 virorum
1335 983 1409 1041 doc-

319 1094 428 1149 torum
450 1088 646 1165 conjecturis
667 1089 720 1148 vel
735 1093 846 1148 nostro
862 1088 965 1149 Marte
980 1107 1034 1149 eos
1051 1089 1225 1148 debuimus
1241 1085 1408 1160 corrigere.

361 1195 492 1254 Praeter
519 1194 637 1271 scripta
668 1193 856 1269 Homerica,
879 1213 961 1272 quae
985 1194 1144 1268 Diogenes
1166 1191 1312 1253 Laertius
1339 1192 1408 1251 An-

319 1299 452 1361 tistheni
484 1301 613 1375 tribuit,
645 1300 680 1360 in
710 1299 842 1361 scholiis
872 1318 1001 1378 quoque
1024 1318 1276 1377 nonnumquam
1298 1282 1409 1356 lentis-

318 1405 427 1466 thenis
459 1425 580 1466 nomcn
610 1406 777 1466 invenitur
793 1407 834 1484 ¹),
857 1423 1057 1483 quamquam
1078 1404 1260 1478 interdum,
1283 1401 1409 1463 etiamsi

320 1531 441 1572 nomen
460 1512 599 1574 auctoris
614 1512 711 1586 desit,
728 1510 862 1587 vestigia
876 1513 1034 1589 quaedam
1050 1509 1296 1571 Antisthenicae
1311 1507 1409 1567 inter·

319 1619 506 1694 prelationis
536 1618 570 1677 in
602 1617 641 1679 iis
672 1624 807 1695 possunt
838 1616 1048 1692 deprehendi.
1063 1617 1091 1695 ²)
1134 1615 1310 1693 Reliquum
1333 1635 1408 1691 ergo

319 1728 382 1797 est,
414 1729 449 1784 ut
481 1742 687 1802 quaeramus,
718 1722 797 1802 quid
827 1721 949 1784 scholia
976 1721 1027 1799 (ea
1053 1720 1258 1798 potissimum
1291 1722 1408 1799 quibus

319 1847 440 1888 nomen
462 1829 667 1890 Antisthenis
685 1828 829 1889 inditum
845 1830 923 1906 est),
944 1829 1080 1888 doceant
1097 1829 1137 1888 de
1154 1827 1325 1888 Homerica
1338 1831 1408 1888 eius

318 1935 595 2011 interpretatione,
628 1936 684 1995 sed
716 1933 858 2009 ingenue
891 1935 995 1995 fateor
1026 1953 1093 1994 non
1125 1952 1238 1993 mcum
1260 1928 1328 1994 esse
1348 1933 1409 1993 iter

318 2058 376 2115 per
406 2041 496 2098 hunc
528 2039 751 2114 labyrinthum
783 2045 983 2110 monstrare:
1015 2038 1107 2100 cuius
1135 2037 1206 2098 viae
1238 2039 1343 2099 flexus
1376 2043 1408 2097 et

318 2163 439 2204 errores
451 2147 611 2205 resolvere
628 2164 696 2205 non
709 2145 940 2207 difficillimum
956 2147 1079 2220 solum,
1096 2146 1154 2205 sed
1165 2163 1405 2222 nonnunquam

317 2250 414 2310 inane
440 2249 535 2313 etiam
562 2249 712 2309 existimo
739 2284 780 2294 -
805 2249 927 2309 etenim
950 2250 1026 2328 quid
1050 2249 1187 2324 singulis
1209 2248 1407 2310 scholasticis

318 2357 495 2415 debeamus
516 2355 766 2432 perambiguum
788 2360 844 2415 est.
864 2355 890 2433 ³)
934 2356 1012 2415 Ideo
1035 2373 1165 2433 quoque
1187 2355 1271 2413 hanc
1294 2372 1407 2431 quaes-

317 2459 441 2520 tionem
469 2459 623 2520 intactam
651 2459 817 2538 relinqu0‚
849 2461 941 2537 quod·
964 2459 1198 2519 Duemmlerus
1215 2458 1242 2537 ⁴)
1276 2476 1406 2518 summo

317 2565 468 2625 acumine
490 2571 522 2625 et
543 2565 708 2640 diligentia
737 2584 900 2626 summam
927 2564 991 2624 iam
1017 2563 1115 2624 huius
1140 2563 1187 2624 rei
1213 2569 1407 2625 consecutus

317 2690 386 2731 esse
414 2673 497 2731 mihi
526 2673 673 2746 videtur,
710 2672 761 2732 cui
786 2672 902 2732 afferre
925 2691 1009 2732 nova
1030 2691 1083 2731 me
1105 2689 1197 2747 posse
1219 2669 1276 2729 vix
1298 2688 1405 2746 spero,

318 2778 487 2837 detrahere
510 2783 618 2836 autem
642 2778 728 2838 nolo.

352 3031 372 3093 ¹)
399 3028 538 3077 Invenitur
555 3027 723 3077 Antisthenis
740 3041 835 3076 nomen
857 3027 885 3074 iu
903 3026 1008 3076 scholiis
1025 3026 1058 3074 ad
1079 3026 1125 3075 Od.
1144 3026 1164 3086 l,
1184 3028 1208 3084 l;
1225 3025 1257 3075 V.
1270 3027 1327 3084 211;
1345 3026 1407 3087 VII,

317 3121 374 3178 257;
393 3118 442 3176 IX,
461 3118 518 3175 106;
537 3119 595 3175 525;
613 3116 689 3165 Iliad.
707 3117 755 3178 XI,
774 3118 832 3175 6363
850 3116 908 3175 XV,
927 3118 984 3175 123;
1002 3115 1108 3176 XXIII,
1126 3117 1166 3164 65.

348 3205 371 3268 ἵ)
399 3206 523 3263 Conatus
539 3220 594 3253 sum
623 3205 687 3253 talia
713 3205 890 3268 pervestigare
915 3220 930 3254 e
954 3205 1060 3253 scholiis
1085 3205 1118 3252 ad
1145 3204 1253 3252 titulum
1281 3206 1328 3253 50:
1350 3207 1406 3270 περὶ

319 3295 449 3355 Πρωτέως.
467 3322 499 3331 -
516 3299 543 3344 et
560 3296 607 3344 48:
625 3293 720 3355 Ἀθηνᾶ
739 3295 755 3355 ἣ
773 3296 830 3358 περὶ
848 3294 1006 3359 Τηλεμάχου.

348 3387 372 3450 ³)
390 3389 424 3436 cf.
443 3389 638 3435 Buttmannum
655 3387 684 3435 in
702 3386 780 3436 schol.
798 3385 832 3433 ad
850 3385 897 3433 Od.
915 3400 940 3449 p.
958 3386 1013 3434 562.
1030 3412 1063 3419 —
1080 3384 1236 3434 Winckelm.
1253 3399 1278 3447 p.
1296 3387 1335 3433 25.

350 3476 373 3538 ⁴)
393 3479 424 3525 In
442 3476 640 3537 Antisthenicis,
658 3491 683 3540 p.
703 3478 731 3524 19
750 3489 805 3538 sqq.
