3458 5182
795 372 882 432 ‘75

322 552 366 616 ὢν
385 549 532 635 μέλλοιμι
550 554 626 626 τοὺς
647 550 820 634 πολεμίους
831 552 927 617 κακόν
947 581 974 616 τι
1000 548 1135 640 δράσειν,
1157 553 1340 638 ἐπεχείρουν
1354 550 1403 621 ἄν,

321 656 370 722 καὶ
393 661 415 721 εἰ
437 653 543 740 μηδεὶς
569 655 663 745 ὁρῴη·
688 658 726 721 οὗ
747 658 810 745 γὰρ
834 654 965 722 δοκεῖνὸ
981 655 1152 741 πολεμικὸς
1168 655 1253 722 άλλδ
1266 652 1345 741 δρᾶν
1360 656 1404 721 ἀεὶ

320 769 368 829 καὶ
394 768 427 829 ἐν
448 766 544 853 ἡμέρᾳ
567 770 615 829 καὶ
638 767 671 830 ἐν
694 769 779 830 νυκτὶ
802 764 886 850 φιλεῖ
904 793 942 828 τι.
973 760 1045 828 οὐδὲ
1061 763 1147 829 ὅπλα
1168 766 1233 829 ἐστί
1252 790 1305 845 μοι
1322 791 1405 827 τετα-

319 875 433 959 γμένα,
459 875 491 936 ἐν
514 871 565 947 οἷς
585 869 804 958 προκαλοῦμαι
825 872 901 946 τοὺς
931 869 1105 952 πολεμίους
1126 871 1300 956 μάχεσθαι,
1330 868 1405 935 ἀλλ’

320 983 428 1044 ὅντινα
460 978 558 1043 ἐθέλει
589 1007 638 1053 τις
659 980 796 1063 τρόπον,
827 979 876 1041 καὶ
898 977 981 1062 πρὸς
1003 977 1056 1040 ἕνα
1077 981 1126 1041 καὶ
1147 977 1229 1064 πρὸς
1254 975 1403 1050 πολλοὺς

319 1085 442 1167 ἕτοιμός
472 1083 525 1165 εἶμ’
557 1082 613 1148 ιἰεἴ.
650 1079 717 1147 οὐδ’
739 1080 818 1157 ἡνίκ’
841 1080 931 1157 <διν>
954 1083 1059 1164 κάμνω
1078 1084 1276 1167 μαχόμενος,
1298 1082 1424 1167 ὥσπερ1

319 1192 368 1264 σά,
389 1192 427 1253 τὰ
448 1191 536 1254 ὅπλα
558 1191 673 1274 ἑτέροις
697 1183 910 1276 παραδίδωμι,
937 1186 1011 1251 ἀλλ’
1037 1189 1157 1253 ὁπόταν
1180 1189 1404 1253 ἀναπαύωνται

319 1299 348 1360 οἱ
369 1294 532 1375 πολέμιοι,
554 1296 624 1358 τότε
646 1294 756 1369 αὐτοῖς
780 1302 835 1368 τῆς
857 1294 970 1367 νυκτὸς
982 1295 1166 1375 ἔπιτίθεμαι,
1183 1292 1266 1379 ’ἔχων
1277 1300 1405 1358 τοιαῦτα

319 1399 403 1465 ὅπλα
434 1398 611 1474 δὲκείνους
643 1396 766 1484 βλάψει
787 1397 935 1482 μάλιστα.
971 1404 1019 1463 καὶ
1048 1396 1120 1464 οὐδὲ
1141 1396 1198 1472 νὺξ
1221 1400 1348 1465 πώποτέ
1368 1427 1404 1480 με

319 1505 475 1591 ἀφείλετο,
498 1508 603 1592 ὥσπερ
630 1510 663 1570 σὲ
684 1502 844 1580 πολλάκις
869 1507 1052 1591 μαχόμενον
1075 1504 1213 1586 ἄσμενον
1232 1507 1401 1569 πέπανκεν·

319 1610 394 1677 ἀλλ’
418 1613 507 1686 ἡνίκα
530 1609 569 1677 ἂν
588 1607 713 1697 ῥέγχῃς
731 1614 781 1684 σά,
801 1616 967 1687 τηνικαῦτα
989 1613 1051 1697 ἐγὼ
1074 1609 1166 1696 σῴζω
1193 1615 1227 1676 σε’
1235 1654 1242 1681 ‚
1263 1615 1311 1676 καὶ
1330 1614 1406 1686 τοὺς

318 1714 493 1800 πολεμίους
526 1716 572 1781 ἀεὶ
606 1719 701 1782 κακόν
736 1744 764 1780 τι
793 1720 890 1788 ποιῶ,
914 1715 999 1803 ’ἔχων
1023 1717 1061 1780 τὰ
1090 1713 1291 1802 δουλοπρεπῆ
1311 1725 1406 1782 ταῦτα

318 1819 404 1888 ὅπλα
434 1825 482 1886 καὶ
514 1822 553 1886 τὰ
585 1819 666 1904 ῥάκη
698 1826 746 1887 καὶ
780 1823 838 1897 τὰς
865 1823 1037 1907 μάστιγας,
1063 1818 1100 1888 δι’
1122 1820 1162 1897 ἃς
1187 1825 1226 1886 σὺ
1251 1821 1406 1907 ἀσφαλῶς

317 1924 486 2002 καθεύδεις.

318 2105 471 2168 Sequuntur
497 2108 569 2152 certe
594 2117 694 2152 versus:
717 2104 747 2152 οὐ
770 2105 819 2167 γὰρ
842 2102 925 2153 δοκεῖν
948 2103 961 2152 δ
984 2105 1096 2168 πόλεμος
1116 2103 1184 2151 ἀλλὰ
1201 2102 1267 2168 δρᾶν
1284 2102 1323 2152 ἀεὶ
1338 2103 1342 2169 Ι
1357 2105 1405 2153 κάν

316 2193 396 2258 ἡμέρᾳ
414 2193 462 2243 κάν
478 2193 559 2241 voert*
570 2220 582 2230 -
608 2217 625 2236 υ
650 2219 665 2229 -
683 2189 773 2255 φιλεῖ.”
792 2191 836 2254 (cf.
853 2192 942 2254 infra.)
960 2192 1051 2241 adnot.
1070 2191 1150 2241 Blass.
1168 2192 1197 2239 in
1214 2192 1290 2240 editt.

350 2283 396 2341 ὢν,
423 2282 484 2332 Rsk.
509 2282 554 2331 cit.
580 2280 661 2331 δοκῶν
677 2309 709 2315 -
727 2281 848 2344 πόλεμος,
877 2281 921 2329 Ο.;
955 2279 1077 2346 πολέμιος
1099 2308 1129 2317 -
1152 2282 1329 2345 προκαλοῦμαι
1351 2287 1406 2341 τοῖς

260 2432 263 2438 .
318 2373 451 2435 πολεμίοις
477 2372 538 2431 Bk.‚
565 2372 625 2429 τοὺς
650 2370 787 2436 πολεμίους
805 2371 866 2420 Rsk.
884 2372 908 2419 S.
929 2399 962 2406 -
978 2369 1060 2420 ἐθέλοι
1077 2372 1146 2434 vulg.
1165 2399 1209 2432 —,
1235 2372 1297 2421 mal.
1325 2373 1405 2422 Blass.

317 2463 355 2511 ed.
374 2462 414 2511 II:
440 2461 472 2511 ἂν
499 2460 572 2527 ἐθέλῃ
601 2489 633 2496 -
657 2461 790 2522 „senarius
814 2462 848 2509 sit
865 2461 931 2526 πρὸς
948 2459 993 2510 ἕνα
1010 2479 1036 2511 τε
1053 2461 1119 2526 πρὸς
1139 2462 1253 2519 πολλοὺς
1270 2460 1404 2528 θ”ἐτοιμός

316 2550 430 2615 εἰμ’ἀεί”
450 2552 530 2602 Blass.
547 2551 587 2602 cd.
607 2552 643 2599 ΙΙ.

349 2639 379 2704 ¹⁰)
414 2640 483 2701 ἡνίκ’
496 2638 561 2694 <ἂν>
579 2642 660 2690 Blass.
678 2643 718 2691 ed.
729 2641 764 2692 II.
774 2669 806 2678 -
813 2640 927 2704 βλάπτει
940 2641 968 2690 O.
978 2669 1009 2677 -
1018 2639 1144 2703 ὁπότ’ἂν,
1159 2641 1250 2689 Blassz
1263 2641 1364 2690 ὁπόταν
1373 2669 1404 2676 -

316 2731 357 2780 καὶ
376 2730 440 2793 οὐδὲ,
460 2731 497 2780 S.:
513 2731 554 2779 καὶ
572 2730 638 2780 οὔτε.

354 3050 438 3107 Quare
472 3050 554 3101 Blass.
591 3050 741 3099 offendatur
769 3065 832 3100 voce

321 3139 423 3202 πτωχὸς
449 3153 502 3186 non
528 3138 656 3200 intelligo.
692 3139 831 3190 Vilissimis

320 3227 419 3287 officiis,
437 3241 509 3289 quae,
521 3232 612 3276 auctor
629 3228 655 3280 h.
666 3229 684 3277 l.
701 3235 839 3278 enumerat

320 3317 426 3366 Ulixem
444 3318 563 3381 profecto
575 3332 629 3367 esse
644 3319 767 3368 functum
779 3334 831 3368 me-

320 3411 406 3455 morat
424 3407 555 3456 Homerus
571 3408 599 3456 in
613 3409 658 3457 Od.
674 3409 719 3460 IV.
728 3424 764 3458 vs.
775 3411 831 3470 244,

320 3497 375 3554 245,
399 3497 457 3546 248.
492 3497 530 3544 De
563 3512 639 3546 versu
670 3501 715 3561 qui
750 3499 833 3548 inesse

320 3589 429 3648 putetur
445 3585 606 3635 conferenda
614 3590 676 3635 sunt
686 3602 752 3650 quae
761 3588 832 3636 infra

319 3675 388 3738 (cap.
407 3675 449 3722 Ill
468 3675 526 3736 fin.)
544 3677 635 3728 attuli.

352 3765 410 3813 Nou
433 3779 497 3829 opus
520 3770 560 3813 est
582 3780 641 3814 cum
662 3766 768 3816 Reiskio
785 3783 832 3830 pro

319 3854 411 3918 partic.
429 3854 465 3905 ὢν
476 3856 561 3917 legere
573 3854 664 3917 δοκῶν,
682 3871 762 3918 quum
774 3857 832 3905 luce

318 3945 414 3992 clarius
433 3945 468 3993 sit
493 3944 597 3993 Ulixem
615 3945 643 3992 in
661 3945 732 3994 hisce
749 3946 832 4008 egisse

319 4049 378 4082 cum
396 4034 562 4083 simulatione
579 4040 606 4083 et
623 4035 744 4086 fallaciis.

351 4123 381 4172 οὐ
398 4126 446 4189 γὰρ
464 4124 547 4174 δοκεῖν
563 4138 585 4172 e.
597 4138 621 4185 q.
633 4139 660 4184 s,
677 4124 831 4186 hiequoque

319 4216 462 4276 praeeunte
481 4213 581 4261 Blaesio
597 4214 678 4262 multi
699 4215 830 4262 senarium

319 4307 478 4363 agnoscunt3
504 4307 622 4362 rectene,
640 4303 741 4352 dubito
769 4304 830 4353 Sen-

319 4392 403 4440 tentia
437 4392 532 4441 haecce
564 4406 619 4442 esse
654 4393 773 4443 videtur:
801 4395 829 4443 in

889 3050 958 3099 bello
986 3064 1038 3098 non
1068 3050 1181 3114 speciem
1209 3050 1329 3110 virtutis,
1357 3051 1401 3099 sed

889 3141 973 3199 facta,
1005 3155 1072 3202 quae
1099 3141 1226 3189 virtutem
1254 3145 1400 3204 spectatam

889 3230 1013 3291 reddant,
1042 3231 1206 3292 requirimus.
1234 3231 1284 3279 Sed
1309 3232 1401 3291 verba,

888 3321 998 3381 quaein
1015 3324 1090 3368 textu
1105 3321 1230 3383 leguntur
1239 3321 1301 3369 huic
1314 3335 1399 3381 sanae,

890 3413 919 3457 ut
952 3410 1059 3473 opinor,
1096 3411 1310 3474 interpretationi
1346 3426 1399 3461 non

888 3500 1061 3561 conveniunt,
1079 3515 1140 3548 nam
1157 3497 1221 3563 quid
1238 3502 1399 3563 significant:

888 3589 902 3639 δ
921 3590 1034 3655 πόλεμος
1052 3592 1082 3640 οὐ
1100 3591 1166 3654 φιλεῖ
1184 3590 1268 3641 δοκεῖν
1284 3591 1322 3640 rrl
1346 3592 1399 3639 Ab·

887 3679 995 3728 surdum
1017 3680 1103 3729 hocce.
1118 3679 1146 3730 O.
1168 3681 1202 3729 ad
1218 3680 1399 3742 corrigendum

887 3782 979 3817 ansam
987 3769 1034 3816 dat
1043 3770 1168 3820 exhibens
1178 3769 1312 3836 πολέμιος,
1323 3771 1399 3832 atqui

888 3872 1043 3921 reponamus
1067 3860 1203 3924 πολεμικὸς
1220 3860 1333 3909 bellator
1352 3860 1398 3922 (sc.

888 3947 972 4012 ἀνὴρ).
989 3950 1023 3997 cf.
1042 3949 1109 4000 Plat.
1127 3949 1191 4012 Rep.
1208 3950 1269 4009 VII,
1285 3952 1332 3997 522
1351 3949 1381 4000 Ε.

920 4040 981 4096 τοὺς
991 4039 1135 4104 πολεμίους.
1155 4040 1340 4088 accusativum
1360 4054 1397 4088 re·

889 4127 979 4175 stituit
997 4128 1090 4177 Reiske
1115 4132 1201 4190 recte,
1226 4132 1257 4176 ut
1282 4129 1396 4189 videtur;

887 4217 985 4265 etenim
1003 4218 1102 4280 pendet
1112 4232 1128 4265 a
1140 4218 1328 4283 προκαλοῦμαι
1345 4219 1397 4282 pri·

887 4321 958 4354 mum
976 4307 1065 4355 hostes
1081 4321 1200 4370 provoco,
1224 4307 1285 4355 dein
1301 4322 1397 4371 pugne.

919 4393 949 4459 ¹⁰)
983 4396 1098 4462 ἀφείλετο
1117 4411 1151 4447 sc.
1168 4397 1201 4448 τὰ
1218 4396 1289 4447 όττλα
1305 4402 1352 4447 aut
1367 4401 1397 4448 τὸ
