3458 5182
317 567 344 643 ς)
358 531 451 621 ἐργῳ·
486 536 529 600 Τὸ
554 539 610 618 μὲν
630 535 687 602 οὖν
710 541 799 620 σῶμα
820 543 878 603 τοῦ
901 538 1080 626 Ἀχιλλίινς
1101 543 1229 623 ἐκόμισα
1251 543 1311 618 ἐγὼ
1331 545 1445 629 φέρων,

357 640 395 704 τὰ
429 636 459 706 δὲ
493 641 579 706 ὅπλα
612 639 680 716 ὅδε,
713 646 998 729 ἐπιστόμενοςὸτι
1029 647 1066 710 οὐ
1093 652 1157 712 τῶν
1183 647 1295 714 ὅπλων
1316 647 1446 732 μᾶλλον

357 748 533 828 ἐπεθύμουν
555 751 585 813 oi
608 755 715 836 Τρῶες
738 751 825 817 ἀλλὰ
847 760 904 816 τοῦ
922 760 1033 840 νεκροῦ
1056 764 1216 842 κρατῆσαι·
1239 762 1295 820 τοῦ
1310 757 1445 843 μὲνγὰρ

357 857 380 918 εἰ
413 855 600 942 ἐκρότησαν,
633 855 786 944 τιίκίσαντό
818 887 849 923 τε
883 857 922 922 ἂν
955 862 991 924 τὸ
1021 865 1111 944 σῶμα
1136 862 1244 926 καὶτὰ
1267 860 1367 946 λότρα
1389 868 1446 927 τοῦ

292 1033 295 1039 Ι
352 958 510 1047 Ἕκτορος
531 963 733 1044 ἐκομίσαντο·
756 965 794 1028 τὰ
818 961 849 1028 δὲ
872 963 959 1030 ὅπλα
981 961 1053 1030 τόδε
1076 967 1134 1031 οὐκ
1156 964 1194 1030 ἂν
1210 965 1363 1032 ἀνέθεσαν
1377 976 1446 1042 τοῖς

315 1051 343 1133 ³)
357 1069 445 1141 θεοῖς
467 1065 542 1131 ἀλλ’
565 1067 755 1155 ἀπέκρυψαν,
779 1066 915 1146 δεδιότες
936 1067 1028 1136 τόνδε
1050 1074 1107 1136 τὸν
1129 1070 1256 1157 ἀγαθὸν
1278 1068 1388 1161 ἄνδρα,
1408 1074 1446 1149 ὅς

358 1176 405 1236 καὶ
426 1175 583 1260 πρότερον
605 1174 818 1261 ἱεροσυλήσας
839 1177 943 1241 αὐτῶν
964 1179 1001 1241 τὸ
1018 1176 1147 1263 ὅγαλμο
1162 1187 1218 1252 τῆς
1233 1182 1308 1244 θεοῦ
1326 1182 1445 1265 νόκτιορ

357 1280 461 1367 ὅσπερ
483 1308 511 1344 τι
530 1279 630 1344 καλὸν
642 1283 859 1367 ἐργασόμενος
871 1280 1066 1348 ἐπεδείκνυτο
1081 1292 1149 1358 τοῖς
1172 1284 1327 1372 Ἀχαιοῖς·
1357 1285 1445 1371 κάγὼ

355 1392 412 1470 μὲν
441 1386 517 1461 tini
545 1385 660 1474 λαβεῖν
684 1388 726 1455 ‘iv’
754 1386 864 1455 εἰποδῶ
886 1392 924 1454 τὰ
948 1391 1034 1456 ὅπλα
1059 1400 1129 1466 τοῖς
1150 1392 1273 1477 φίλοις,
1296 1394 1392 1466 οὗτος
1414 1389 1446 1456 δέ
1535 1428 1538 1434 ’

355 1493 397 1559 ‘iv'
419 1491 595 1567 ἀποδῶται,
617 1497 678 1560 ἐπεὶ
697 1500 838 1583 χρῆσθαί
850 1524 886 1581 γε
899 1498 1007 1572 αὐτοῖς
1024 1498 1081 1562 οὐκ
1093 1497 1133 1562 ἂν
1144 1495 1324 1580 τολμήσειε·
1340 1495 1447 1574 δειλὸς

357 1602 421 1689 γὰρ
454 1598 558 1677 οὐδεὶς
598 1600 637 1665 ἂν
670 1604 835 1685 ἐπισήμοις
863 1602 981 1678 ὅπλοις
1004 1606 1179 1690 χρήσαιτο,
1206 1601 1297 1679 εἰδὼς
1320 1608 1366 1670 ὅτι
1389 1608 1447 1680 τὴν

359 1701 479 1771 δειλίαν
500 1708 597 1771 αὐτοῦ
620 1708 753 1793 ἐκφαίνει
775 1707 813 1771 τὰ
837 1707 933 1772 ὅπλα.

316 1800 343 1877 ⁴)
401 1808 526 1899 Σχεδὸν
546 1818 602 1896 μέν
625 1814 683 1877 οὗν
703 1816 787 1878 ἐστιν
809 1813 933 1880 ὅταντα
956 1817 1056 1897 ὅμοια.
1089 1815 1119 1877 οῖ
1148 1842 1180 1879 τε
1206 1815 1269 1903 γὰρ
1295 1813 1450 1901 βασιλεῖς,

390 1966 413 2018 ²l
448 1968 517 2017 ἀλλὰ
534 1972 580 2018 τοῦ
599 1969 628 2018 Β.
646 1973 672 2016 ct
692 1971 726 2031 8.,
744 1967 803 2017 ἀλλ’
821 1969 837 2028 ἣ
856 1970 901 2016 τοῦ
919 1969 947 2014 in
965 1968 1024 2016 libr.
1042 1996 1073 2004 -
1091 1967 1218 2018 ἀνέθεσαν
1237 1970 1264 2018 C.
1277 1971 1302 2019 J.
1315 1970 1351 2020 M.
1361 1970 1393 2020 N.
1403 1971 1445 2031 X.,

357 2056 486 2118 ἀνέθηκαν
505 2059 595 2122 Steph.
613 2059 674 2107 Rsk.
692 2086 725 2093 —
742 2058 825 2120 τόνδε,
844 2058 932 2114 εόντες
951 2058 979 2106 O.

388 2144 412 2210 ³)
447 2149 533 2197 αὐτῶν
558 2149 587 2198 τὸ
614 2148 655 2212 ἀγ.
682 2149 710 2197 O.
733 2147 758 2196 J.
778 2148 813 2198 M.
832 2147 872 2208 N„
889 2148 969 2197 αὐτὸν
986 2160 1025 2211 pr.
1042 2147 1077 2195 X.
1095 2147 1216 2211 (const),
1244 2150 1326 2211 αὐτῆς
1344 2149 1445 2214 Steph„

356 2238 444 2295 αὐτοῖς
464 2238 524 2288 Rsk.

388 2325 411 2388 ⁴)
445 2327 537 2391 λαβεῖν
548 2331 632 2377 aucti.
654 2328 743 2391 Steph.
755 2331 784 2375 ct
802 2326 891 2387 Paris,
907 2324 999 2389 λαβὼν
1017 2326 1087 2388 vulg.
1104 2353 1137 2363 -
1157 2327 1238 2386 οὐδεὶς
1250 2329 1284 2378 ἂν
1294 2343 1344 2378 om.
1357 2329 1386 2378 Ο.
1396 2329 1440 2378 ἅν.

391 2592 416 2656 ²)
451 2595 480 2644 τὸ
493 2581 549 2660 Ιμὲν
571 2596 618 2645 οὖν
638 2599 770 2660 σῶμα...
797 2594 871 2644 τὰδὲ

360 2685 431 2734 ὅπλα
448 2712 479 2721 -
496 2685 530 2733 ci.
545 2684 622 2733 Hom.
632 2683 681 2732 Od.
691 2684 713 2731 V
723 2699 759 2734 vs.
769 2685 816 2732 309
825 2697 871 2745 sq.‚

358 2775 460 2823 Arctin.
468 2775 496 2822 in
505 2773 664 2837 Aethiopfr.
673 2774 696 2822 4.
705 2773 739 2822 ci.
750 2773 872 2822 scholari

360 2865 440 2914 Arist.
462 2863 700 2926 Eq.1065,Proel.
728 2862 872 2911 Chrestom.

360 2969 385 3017 p.
395 2955 440 3003 481
458 2981 489 2990 -
503 2954 532 3001 in
541 2954 611 3002 hisce
621 2953 741 3002 omnibus
750 2957 873 3002 narratur

360 3044 422 3092 Aias
439 3044 530 3091 tulisse
547 3043 660 3091 Achillis
675 3057 782 3106 corpus;
802 3043 873 3107 apud

362 3135 440 3198 Soph.
452 3135 517 3182 Phil.
527 3135 583 3193 373,
594 3134 669 3183 Ovid.
680 3132 872 3182 MetamXIIl.

360 3226 416 3286 284,
444 3225 472 3282 Q.
492 3224 547 3273 Oal.
567 3224 650 3271 Paral.
668 3223 699 3271 V.
716 3223 763 3269 286
781 3221 873 3269 Ulixes

360 3320 449 3365 serrat
465 3330 558 3379 corpus
573 3318 602 3362 et
618 3327 698 3361 arma.

393 3406 462 3466 ἀλλὰ
486 3410 545 3468 post
569 3404 672 3469 μᾶλλον
695 3401 872 3449 anacoluthon

360 3511 413 3545 non
430 3509 535 3560 prorsus
550 3493 715 3554 incognitum
733 3489 782 3553 (ci.
794 3489 872 3537 Isocr.

360 3587 394 3634 ad
412 3584 511 3633 Nicocl.
528 3597 553 3645 p.
571 3584 601 3629 23
621 3581 650 3629 B.
667 3581 741 3640 cet,);
768 3576 872 3638 ἁλλ’ὴε

359 3675 428 3736 quod
446 3673 532 3722 estin
554 3671 640 3728 libris,
666 3669 732 3717 ferri
753 3683 807 3717 nou
828 3682 872 3731 po·

358 3769 418 3814 test.
436 3765 561 3829 κρατῆσαι
575 3775 628 3809 non
642 3759 721 3808 debet
736 3771 871 3821 perperam

358 3869 413 3903 osse
432 3853 554 3901 additum
571 3864 585 3899 e
609 3848 776 3910 sequentibus
799 3847 872 3910 (-τοῦ

357 3946 405 4009 μὲν
422 3945 471 4010 γὰρ
493 3940 514 3990 εί
531 3938 697 4006 ἐκράτησαν),
715 3939 751 3986 sic
770 3937 872 4000 saepius

358 4033 386 4082 in
404 4034 475 4082 hisce
493 4030 624 4094 opusculis
641 4027 715 4077 brevi
732 4027 871 4075 intervallo

358 4123 448 4172 eadem
469 4120 547 4169 verba
563 4119 695 4167 iterantur
713 4115 761 4178 (cf.
779 4115 871 4176 infra).

359 4212 444 4261 Notus
463 4223 567 4272 quoque
583 4208 626 4256 hie
643 4221 704 4255 usus
720 4205 790 4268 apud
808 4205 870 4253 Gor-

357 4303 428 4365 giam
446 4302 495 4363 (cf.
511 4300 586 4348 Hei:
604 4297 659 4346 ὅσοι
676 4296 701 4346 δὲ
719 4295 795 4352 ὅσους
813 4295 871 4358 περὶ

359 4394 438 4442 ὅσων.
448 4429 455 4441 ,
465 4428 471 4441 .
481 4394 506 4454 .)
526 4391 643 4451 aliosque
660 4387 809 4449 scriptores,

960 2593 985 2657 ³)
1019 2596 1060 2643 rai
1086 2596 1211 2661 πρότερος
1228 2595 1442 2661 ἱεροσυλήσας-

929 2684 1007 2732 Varie
1024 2685 1139 2733 traditur
1149 2688 1197 2732 aut
1210 2686 1280 2734 solus
1292 2686 1383 2735 Ulixes
1394 2691 1440 2734 aut

929 2787 980 2820 una
998 2787 1057 2820 cum
1076 2773 1200 2821 Diomede
1217 2773 1330 2821 Pallerlii
1340 2774 1441 2822 furtum

929 2865 1102 2926 perpetrasse;
1126 2863 1168 2925 (ci.
1186 2877 1253 2924 quae
1269 2862 1326 2910 dixi
1342 2863 1376 2910 arl
1394 2862 1441 2911 Od.

930 2953 952 3012 3,
971 2952 1004 3015 7.)
1022 2953 1055 3001 ci.
1074 2950 1149 3000 Ovid.
1167 2967 1204 3000 vs.
1222 2954 1253 3001 99
1272 2967 1310 3014 sq.

963 3042 1049 3091 αὐτῶν
1065 3042 1094 3090 τὸ
1117 3042 1221 3107 ἄγαλμα
1238 3042 1354 3105 plerique
1376 3041 1442 3089 dant

930 3131 1055 3191 editores;
1067 3145 1101 3180 an
1114 3131 1176 3180 atri
1189 3132 1218 3180 τὸ
1232 3132 1344 3197 ἅγαλμαε
1357 3132 1440 3195 ipsam

930 3222 994 3270 deae
1009 3220 1140 3269 statuam?

962 3307 1054 3375 ἐγὼ...
1093 3307 1228 3359 ’ἐν’ἀποὸῶ
1253 3336 1286 3345 -
1311 3308 1387 3367 οὗτος
1416 3309 1441 3359 δὲ

928 3398 1096 3450 ’ἶν’ἀττοδῶται
1105 3427 1136 3434 -
1146 3398 1251 3448 difficile
1260 3398 1353 3462 opinor
1360 3398 1441 3458 dictu,

928 3505 1053 3552 quorsum
1075 3490 1229 3552 promissum
1244 3489 1312 3537 illud
1332 3492 1442 3552 spectet,

930 3581 1050 3629 Fortasse
1068 3584 1160 3629 auctor
1178 3580 1210 3628 de
1228 3594 1274 3628 suo
1291 3579 1363 3628 Aiaci
1382 3578 1441 3627 sub·

928 3668 1004 3730 jecit,
1033 3673 1063 3716 ut
1091 3668 1136 3716 ille
1164 3672 1268 3732 praeter
1293 3669 1441 3730 ignaviam,

929 3759 1054 3822 pecuniae
1072 3773 1175 3821 quoque
1187 3757 1343 3806 aviditatem
1354 3756 1441 3805 Ulixis

929 3852 1055 3913 carperet.

962 3940 1040 3988 αὑτοῦ
1058 3938 1168 4003 ἐκφαίνει
1185 3937 1218 3987 τὰ
1230 3935 1300 3985 ὅπλα
1312 3934 1442 3983 -hiatus

929 4028 1096 4089 gravissimus
1117 4027 1195 4077 inest.
1222 4026 1256 4074 cf.
1275 4025 1441 4074 Benselerum

929 4119 1016 4180 p.169.
1030 4115 1441 4179 Siquisfortassecorrigerevnlt,

928 4207 1007 4254 facile
1028 4220 1074 4269 pro
1095 4205 1173 4254 αὐτοῦ
1191 4205 1242 4264 legi
1259 4205 1441 4267 potestatui.

960 4294 985 4356 ⁴)
1019 4294 1093 4359 ὅμοια
1110 4308 1160 4343 sec.
1178 4294 1258 4343 Blass.
1276 4293 1331 4355 (ed.
1348 4293 1375 4354 l)
1387 4307 1440 4342 non

929 4399 1038 4442 sanum3
1069 4383 1177 4431 difficile
1207 4397 1270 4431 sane
1298 4382 1440 4446 explicatu
