3458 5182
291 524 428 596 τιθέντες
452 522 510 586 τὸν
532 517 642 604 ἆγὼνα
664 519 764 582 ἱκανοὶ
786 516 876 590 ὄντες
898 519 968 601 περὶ
991 514 1097 602 ἆρετῆε
1122 519 1238 603 κρῖνειν
1265 518 1382 604 ἐπέτρε-

291 632 356 713 φαν
387 625 514 693 ἄλλοις,
543 625 573 688 οἵ
601 650 632 687 τε
658 618 751 687 οὐδὲν
779 617 896 696 εἰδότες
922 616 1058 687 δικάσειν
1082 622 1288 708 ὑπισχνεῖσθε
1311 628 1380 710 περὶ

293 735 337 798 ὧν
359 734 416 797 οὐκ
438 731 513 796 ἰ’στε.
544 731 607 816 ἐγὼ
628 726 659 795 δὲ
682 731 848 810 ἐπίσταμαι
869 732 974 798 τοῦτο,
997 729 1043 791 ὅτι
1059 723 1160 802 οὐδεὶς
1173 726 1213 791 ἂν
1223 724 1380 814 βασιλεὺς

292 840 400 915 ἱκανὸς
434 838 478 903 ὢν
510 841 579 924 περὶ
613 835 724 923 ἀρετῆς
757 837 873 921 κρίνειν
905 834 1091 919 ἐπιτρέψειεν
1114 832 1230 907 ἄλλοις
1251 831 1381 915 μᾶλλον

293 946 370 1033 ἤπερ
394 943 519 1030 ἀγαθὸς
541 943 650 1028 ἰατρὸς
674 935 847 1023 διαγνῶναι
873 940 1035 1020 νοσήματα
1062 936 1154 1022 ἄλλῳ
1176 942 1297 1025 παρείη.

337 1058 395 1116 Καὶ
418 1053 440 1114 εἶ
452 1051 556 1132 μὲνῆν
567 1074 619 1130 μοι
637 1087 684 1102 ···
703 1045 785 1132 πρὸς
798 1040 899 1130 ἄνδρα
919 1045 1144 1130 ὁμοιότροπον,
1159 1041 1227 1109 οὐδ’
1240 1042 1279 1108 ἂν
1294 1045 1382 1119 ἡττᾶ·
1396 1090 1422 1167 5)

294 1159 370 1221 σθαῖ
389 1182 442 1238 μοι
464 1150 593 1240 διέφερε·
618 1155 675 1215 νῦν
699 1146 729 1214 δ’
751 1150 808 1214 οὐκ
830 1147 957 1214 ’ἐστινὸ
978 1145 1111 1238 διαφέρει
1130 1149 1229 1216 πλέον
1245 1153 1319 1233 ἐμοῦ
1331 1153 1381 1214 καὶ

293 1257 392 1327 τοῦδε.
423 1263 441 1324 ὁ
467 1257 609 1345 μὲνγὰρ
633 1256 691 1320 οὐκ
724 1253 808 1320 ’έστιν
834 1257 852 1321 ὅ
880 1283 909 1320 τι
932 1252 971 1319 ἂν
992 1251 1112 1342 δράσειε
1136 1260 1298 1342 φανερῶς,
1322 1257 1383 1342 ἐγὼ

325 1445 439 1505 τιθέντες
456 1445 548 1508 scripsi
565 1459 598 1494 ex
615 1442 777 1506 coniectura,
788 1440 924 1511 Ιδιαθέντες
936 1441 1005 1490 libri.
1028 1439 1116 1499 θέντες
1126 1442 1187 1491 Rsk.
1206 1469 1237 1478 -
1258 1443 1385 1501 οὐκόντες

293 1538 357 1586 εἶναι
373 1535 492 1599 βασιλεῖς
510 1534 539 1585 O.
556 1534 582 1583 J.
600 1534 636 1583 M.
655 1533 688 1584 N.
704 1533 748 1593 X„
765 1531 885 1594 βασιλεῖς
903 1529 1002 1589 inova-rc
1015 1533 1078 1580 εἶναι
1095 1532 1164 1592 Rsk.,
1177 1533 1235 1595 Bk.,
1256 1533 1302 1582 οὐκ
1313 1533 1384 1591 ὄντες

292 1626 375 1676 ἱκανοὶ
392 1623 455 1689 βασ.
475 1625 521 1673 cit.
540 1623 610 1683 Rsk„
627 1620 727 1680 ῖαοντες
744 1623 810 1671 εἶναι
827 1636 877 1670 om.
895 1620 1013 1684 βασιλεῖς
1031 1623 1060 1670 Β.
1075 1627 1103 1671 et
1114 1623 1146 1684 S„
1165 1623 1304 1687 φάσκοντες
1320 1625 1386 1673 εἶναι

291 1717 355 1780 βασ.
380 1715 519 1765 Jemstedt
544 1713 611 1776 (obs.
634 1713 744 1777 Antiph.
770 1728 796 1777 p.
815 1714 873 1775 19),
898 1726 949 1761 rec.
970 1712 1095 1762 Blaesio
1112 1713 1152 1764 ed.
1172 1714 1206 1774 ΙΙ,
1225 1712 1250 1763 οῖ’
1267 1732 1293 1764 τε
1311 1715 1385 1765 οὐδὲν

292 1805 383 1864 εἰδότες
400 1804 462 1852 addi
481 1804 538 1852 vult
557 1804 640 1867 κριταὶ
660 1803 723 1853 Rsk.
743 1830 775 1839 -
792 1803 854 1864 ῖστε,
872 1801 929 1851 ῖσθε
948 1802 976 1852 Ο.

327 1895 351 1959 ⁸)
387 1897 421 1957 ἦν
443 1913 486 1960 μοι
511 1930 576 1957 ....,
600 1894 663 1942 addi
689 1893 746 1941 vult
772 1893 863 1955 Steph.
889 1891 903 1940 ὁ
929 1890 1010 1958 ἀγὼν,
1036 1893 1094 1956 pari
1118 1894 1175 1942 iure
1197 1893 1305 1960 ὀλόγας
1323 1894 1384 1944 Rsk.

293 1987 342 2051 (ci.
360 1986 408 2035 od.
427 1985 462 2048 Ι).
477 1984 645 2035 Winckelm.:
663 1983 778 2048 διαφορὰ.
795 2010 828 2018 -
843 1983 903 2042 „cim
920 1982 991 2032 ἔστιν
1007 1985 1024 2031 ἃ
1042 1981 1181 2048 ὃιαφέρειῖ”
1200 1984 1283 2032 Blass.
1297 1984 1337 2034 ed.
1347 1984 1384 2034 II.

292 2075 349 2124 -ὁ
366 2077 413 2141 μὲν
430 2075 491 2140 γὰρ,
508 2089 558 2124 om.
576 2074 625 2139 γὰρ
645 2073 673 2122 (i.

296 2380 331 2428 Ni
348 2380 430 2429 fallor
443 2395 503 2428 cum
516 2379 620 2430 Reiskio
629 2379 670 2428 ita
678 2379 811 2441 explican-

297 2470 360 2517 dum
371 2473 428 2518 est:
446 2472 506 2517 tota
514 2468 605 2517 ratioe
616 2482 668 2530 qua
677 2472 810 2516 certamen

296 2559 375 2608 hocce
392 2557 549 2619 instituitur,
567 2558 651 2606 stulta
667 2561 695 2606 et
711 2557 811 2605 iniusta

297 2652 345 2698 est.

329 2736 355 2787 οῖ’
377 2755 403 2787 τε
425 2738 534 2802 γὰρ...
562 2737 641 2784 verba
661 2736 738 2784 valde
755 2751 809 2784 cor·

296 2830 375 2891 rupta
401 2829 473 2876 sunt.
507 2825 557 2874 Hic
574 2825 630 2874 iere
648 2839 737 2874 sensus
757 2828 810 2874 est:

297 2915 431 2979 Principes
466 2914 587 2977 (Atridae
620 2914 669 2975 sc.)
700 2915 809 2962 virtutis

296 3006 421 3054 iudicium
441 3004 501 3053 aliis
518 3009 710 3053 concesserunt.
735 3002 808 3065 βασι-

296 3096 349 3153 λεῖς
365 3095 394 3142 in
411 3094 483 3142 nullo
500 3094 590 3143 codice
608 3109 653 3143 suo
666 3094 724 3144 loco
736 3094 809 3158 poni-

297 3188 351 3244 tur;
376 3185 488 3234 fortasse
514 3183 611 3245 aliquis
626 3183 698 3232 dicat
713 3181 776 3245 βασ.
793 3197 808 3230 a

297 3279 438 3341 posteriore
446 3270 526 3324 manu
536 3291 591 3326 esse
599 3275 720 3325 additum
728 3280 809 3337 atque

297 3366 324 3414 in
341 3367 459 3428 margine
476 3356 539 3413 olim
557 3365 732 3428 adscriptum,
750 3368 809 3427 post

296 3456 324 3501 in
336 3458 442 3502 textum
453 3453 599 3517 irrepsisse,
612 3454 675 3516 quia
685 3453 714 3500 in
726 3453 809 3502 altero

296 3543 374 3591 huius
386 3542 532 3592 sententiae
549 3544 664 3592 membro
684 3556 810 3605 personae

296 3631 386 3680 indole
412 3635 519 3680 tantum
544 3629 710 3692 moribusque
730 3632 808 3692 signi·

297 3721 411 3769 ficantur
435 3718 475 3783 (ci
494 3738 521 3770 τε
542 3720 616 3770 οὐδὲν
637 3719 729 3779 ειδότες
754 3723 808 3782 -).

296 3810 346 3859 Oui
362 3810 481 3874 opinioni
492 3810 615 3858 assentiri
630 3824 684 3858 non
695 3825 808 3874 possum,

296 3914 378 3961 quum
401 3899 430 3947 in
453 3899 572 3962 sequenti
588 3901 722 3947 sententia
739 3899 808 3948 idem

296 3988 452 4038 vocabulum
470 3989 559 4038 redeat
577 3987 673 4051 (οὐδεὶς
690 3988 724 4039 ἂν
734 3989 807 4052 βασι·

297 4079 355 4136 λεύς
382 4079 469 4137 ἱκανὸς
487 4078 604 4140 ὢν....)
629 4093 710 4141 equo
730 4093 808 4142 appa·

296 4172 338 4216 ret
357 4167 476 4230 βασιλεῖς
493 4168 627 4232 aptissime
644 4173 734 4244 nostro
752 4169 808 4217 loco

297 4260 445 4307 convenire.
480 4258 614 4306 Parisinus
639 4273 686 4322 pro
709 4256 808 4316 ἕκαντες

296 4347 343 4396 dat
360 4348 407 4397 οὐκ
424 4348 509 4410 ὄντες,
531 4349 602 4410 quod
623 4363 714 4397 verum
731 4352 810 4413 putat

869 2378 976 2439 Reiske,
1003 2377 1049 2426 sed
1073 2381 1131 2424 tum
1157 2391 1203 2440 pro
1229 2379 1293 2427 εἶναι
1317 2378 1382 2441 legit
1405 2380 1410 2389 '

869 2467 960 2517 ἱκανοί.
980 2467 1059 2516 Recte
1077 2453 1191 2528 cuidem,
1209 2469 1300 2531 opinor
1325 2483 1382 2532 pro-

869 2558 958 2622 posuit
969 2557 1031 2606 Rsk.
1044 2556 1134 2618 ῖκανοί,
1146 2557 1191 2605 scd
1203 2559 1381 2620 reponendum

867 2648 895 2696 id
912 2651 952 2697 esi
963 2662 1010 2711 pro
1028 2646 1113 2695 verbis
1130 2648 1176 2696 οὐκ
1187 2647 1260 2706 ὄντες
1272 2653 1298 2696 et
1310 2648 1382 2708 ὄντες

867 2755 913 2803 pro
930 2739 1064 2788 infinitivo
1077 2741 1141 2789 εῖναι
1152 2740 1304 2802 legendum,
1318 2755 1380 2790 nam

867 2844 913 2893 per
935 2844 962 2878 se
986 2844 1059 2891 reges
1084 2829 1192 2879 idoneos
1216 2830 1308 2891 fuisse,
1335 2833 1380 2893 qui

865 2919 1015 2968 iudicarent
1023 2919 1055 2967 de
1065 2920 1164 2968 virtute
1176 2933 1252 2968 nemo
1265 2920 1380 2982 negabit.

867 3007 941 3065 Quod
958 3007 993 3055 ad
1010 3008 1148 3056 literarum
1168 3008 1265 3058 ductus
1282 3011 1380 3058 attinet

865 3099 932 3147 nihil
949 3100 1004 3148 fere
1021 3099 1103 3149 obest.

901 3189 981 3238 Initio
1004 3188 1132 3248 διαθέντες
1154 3190 1251 3252 legitur
1274 3191 1308 3240 ab
1326 3207 1378 3241 om·

866 3279 944 3326 nibus
964 3279 1109 3328 editoribus
1126 3285 1268 3344 receptum.
1287 3281 1379 3344 Perpe-

867 3383 930 3427 ram‚
939 3373 1004 3431 puto
1008 3385 1014 3428 ;
1024 3369 1077 3417 iam
1088 3369 1181 3419 Reiske
1192 3370 1272 3419 affert
1284 3369 1379 3433 θέντες,

867 3458 925 3518 sed,
938 3458 1034 3520 siquid
1046 3458 1135 3519 video,
1151 3460 1244 3509 melius
1255 3461 1306 3510 huc
1317 3476 1379 3523 qua-

868 3549 926 3596 drat
944 3563 1064 3611 praesens
1076 3564 1109 3598 ex
1118 3564 1170 3612 quo
1181 3550 1285 3599 facilius
1297 3552 1378 3615 expli·

867 3639 1109 3702 caturcorrupteia.
1126 3639 1248 3689 Decurrit
1257 3655 1327 3690 nunc
1335 3656 1379 3690 ex·

867 3727 955 3791 pedite
972 3729 1114 3776 sententia:
1130 3726 1154 3777 oi
1166 3746 1192 3778 τε
1203 3732 1251 3795 γὰρ
1262 3728 1380 3792 βασιλεῖς

867 3815 979 3875 τιθέντες
997 3817 1044 3866 τὸν
1061 3818 1150 3883 ἀγῶνα
1166 3817 1250 3868 ἱκανοὶ
1263 3819 1334 3878 ὄντες
1348 3838 1377 3869 π.

866 3905 907 3970 ἀρ.
925 3924 963 3971 κρ.

898 3991 922 4056 ⁶)
955 3996 988 4056 ἦν
1004 4013 1059 4060 μοι.
1069 4031 1092 4043 ,.
1110 3995 1224 4060 Sauppio
1236 3997 1378 4045 affirmanti

866 4084 934 4131 nihil
955 4084 1017 4132 addi
1033 4098 1099 4147 opus
1115 4098 1169 4133 esse
1186 4086 1308 4134 assentiri
1324 4101 1377 4135 non

865 4188 982 4237 possum,
1018 4188 1111 4236 parum
1149 4175 1220 4222 enim
1253 4176 1379 4223 convenit

866 4262 1014 4325 exemplum
1039 4262 1110 4323 quod
1135 4262 1213 4310 affert
1239 4278 1270 4312 ex
1300 4264 1378 4314 Isocr.

866 4349 912 4400 IV.
939 4351 986 4398 12:
1014 4376 1046 4384 -
1075 4350 1130 4416 ἐμοὶ
1163 4350 1284 4402 δὀὐὸὲν
1312 4354 1378 4419 πρὸς
