3458 5182
843 366 880 432 95

318 553 484 631 loqueris?
508 555 531 619 ’1
557 555 616 627 Tu,
639 553 695 631 qui
717 572 846 629 prorsus
868 553 994 628 ignoras
1016 565 1080 630 quo
1103 550 1200 612 modo
1212 549 1404 612 certandum

318 661 371 734 sit,
393 660 496 720 veluti
525 678 579 720 sus
608 658 655 718 ira
687 661 755 718 sola
780 659 941 735 impulsus
968 659 1091 719 incides
1116 678 1194 732 mox
1218 658 1252 717 in
1278 660 1403 717 malum

318 766 494 841 quoddam.

358 871 477 930 Virum
508 876 617 930 autem
649 888 761 929 revera
786 872 910 930 bonum
932 871 1064 929 nullum
1086 871 1211 929 malum
1232 888 1404 945 passurum

318 979 445 1037 neseis?
479 976 550 1053 (οὐκ
581 979 675 1043 οἶσθα
702 979 759 1042 τὸν
791 973 892 1064 ἄνδρα
923 979 980 1042 τὸν
1013 979 1138 1063 ἀγαθὸν
1160 1009 1199 1019 -·
1229 973 1404 1041 οὐδ’ὁτιοῦυ

318 1083 485 1167 πάσχω)
517 1082 618 1142 Nisus
646 1084 736 1142 enim
767 1083 824 1140 ille
852 1088 939 1142 certa
966 1085 1017 1141 sui
1045 1084 1232 1155 cognitione
1259 1087 1291 1140 et
1313 1099 1403 1141 cons-

318 1190 438 1246 cientia
459 1206 477 1247 a
499 1190 632 1248 nemine
655 1206 801 1265 unquam
818 1188 943 1247 malum
958 1189 1105 1263 accipiet.
1128 1187 1242 1246 Pueris
1259 1188 1403 1247 similem
1421 1204 1424 1209 ·

317 1297 349 1352 te
381 1296 529 1369 praebes,
560 1297 617 1371 qui
644 1297 829 1382 φρονήσεως
850 1294 957 1353 adhuc
979 1298 1126 1369 expertes
1149 1295 1297 1352 nondum
1320 1295 1404 1352 didi-

318 1404 447 1472 cerunt,
480 1417 562 1476 quae
594 1402 636 1459 111
668 1419 743 1458 vera
768 1397 909 1487 ἀνδρεία,
936 1404 968 1458 11
989 1400 1154 1458 exsultant
1175 1399 1294 1472 gaudio
1316 1399 1403 1475 quod

318 1504 494 1563 laudantur
525 1504 566 1563 ob
599 1504 760 1579 pusillum
792 1504 917 1563 factum
949 1503 1023 1579 (Od.
1056 1505 1092 1564 7:
1116 1506 1221 1591 ὥσπερ
1244 1509 1273 1569 οἱ
1294 1503 1404 1580 παῖδες

318 1614 439 1697 χαίρεις
460 1627 486 1669 θ.
510 1628 540 1685 q·
563 1609 602 1687 Β.)

359 1714 445 1785 Quid
478 1716 560 1788 ego?
594 1713 736 1772 lnermis
767 1713 844 1785 tibi,
877 1715 977 1771 armis
1009 1715 1096 1772 muri
1129 1716 1232 1773 instar
1260 1717 1402 1789 obtecto,

318 1821 386 1880 dux
419 1821 470 1878 fui
503 1824 535 1878 et
567 1824 674 1879 custos
696 1824 732 1878 ut
753 1820 868 1877 ceteris
891 1820 1045 1877 omnibus
1067 1822 1310 1878 —constantia
1331 1839 1403 1880 mea

225 1928 229 1935 '
317 1927 450 1985 nullum
472 1926 665 1997 reformido,
688 1926 848 2000 sapientia
869 1942 941 1983 mea
962 1926 1104 1984 alienam
1126 1943 1221 2000 opem
1238 1944 1305 1985 non
1320 1927 1403 1986 desi-

318 2033 409 2091 derat
440 2067 481 2075 —
512 2037 642 2091 secutus
668 2049 779 2090 meum
802 2029 1402 2118 111111111οι111111111(φρόυηοιο)11111

318 2137 504 2197 demonstro
526 2139 716 2212 exemplum
736 2147 791 2212 τῆς
813 2141 933 2222 ἀρετῆς.
978 2137 1057 2196 Sum
1089 2137 1296 2223 πολύτροπος
1327 2138 1402 2198 inde

318 2245 421 2328 σόφος
452 2242 529 2301 inde
562 2245 702 2329 ἀγαθός,
736 2260 813 2301 nam
843 2245 872 2306 ol
906 2245 1001 2328 σόφοι
1029 2248 1078 2307 καὶ
1099 2246 1226 2329 ἀγαθοί·
1246 2243 1273 2322 ²)
1300 2245 1402 2329 σόφος

318 2349 450 2423 ποιητὴς
475 2365 581 2406 meam
603 2345 824 2422 prudentiam,
847 2344 1007 2434 ἀνδρείου,
1031 2350 1223 2423 patientiam
1245 2349 1401 2422 laudabit,

317 2456 349 2510 11
371 2453 484 2512 bestiis
505 2453 714 2526 assimilabit,
737 2453 824 2528 quod
846 2453 887 2512 ad
908 2457 998 2512 tuam
1022 2457 1117 2538 φύσιν
1138 2456 1264 2513 attinet.

359 2557 438 2616 Tota
462 2556 572 2616 Ulixis
594 2559 695 2615 oratio
718 2562 765 2616 est
787 2558 857 2616 laus
879 2559 1081 2638 sapientiae..
1110 2557 1263 2618 Ceterum
1285 2561 1320 2618 in
1342 2560 1401 2620 hac

317 2664 388 2737 ipsa
419 2681 452 2722 re
484 2662 599 2722 Ulixes
631 2663 688 2721 1111
720 2663 971 2723 Antisthenicus
997 2663 1136 2738 dignum
1158 2662 1292 2740 Cynicis
1314 2685 1402 2742 prae-

317 2770 420 2843 ceptis
435 2786 469 2826 11
481 2769 612 2843 praebet
628 2774 660 2826 11
674 2786 692 2826 a
707 2787 783 2828 vero
799 2769 994 2845 philosopho
1010 2767 1134 2844 Cynico
1149 2789 1265 2846 parum
1280 2772 1401 2834 differt.

319 2874 368 2933 Ita
389 2875 495 2933 solent
517 2873 634 2948 Cynici
658 2892 786 2951 quoque
808 2893 884 2934 cum
907 2877 1058 2951 superbia
1076 2877 1261 2951 praedicare
1277 2881 1402 2953 sapien-

317 2983 384 3038 tem
416 2981 479 3037 sibi
512 2978 673 3052 sufficere,
706 2983 853 3055 propriae
883 2983 1060 3055 sapientiae
1082 2999 1115 3040 se
1138 2983 1255 3041 debere
1277 2986 1401 3056 omnia,

317 3103 358 3143 ex
395 3088 541 3160 ipsorum
578 3086 752 3161 prudentia
788 3091 909 3145 ceteros
940 3087 1092 3171 pendere.
1134 3088 1222 3158 Quae
1255 3091 1402 3149 consiliis

316 3192 385 3250 suis
416 3192 706 3268 voluntatibusque
739 3191 867 3251 obstant
898 3195 1027 3267 sapiens
1061 3192 1175 3253 Ulixes
1198 3195 1325 3254 deridet
1346 3201 1402 3255 aut

316 3296 470 3371 despicit,
503 3292 625 3372 quippe
661 3313 743 3373 quae
769 3298 880 3355 omnia
902 3299 1060 3372 pertinaci
1082 3315 1117 3357 ac
1139 3298 1245 3358 ferreo
1267 3301 1401 3373 ingenio

316 3420 374 3461 suo
395 3406 606 3477 superaturus
627 3405 678 3461 sit.

358 3507 445 3578 Quid
476 3507 578 3566 Aias?
611 3506 811 3589 ὑπ’ὰμαὲἷος
832 3527 873 3566 ne
894 3510 1040 3582 agnoscit
1062 3505 1212 3585 quidem,
1235 3529 1316 3587 quae
1338 3514 1400 3571 sibi

315 3613 399 3670 bona
421 3615 495 3671 sint.

359 3716 600 3777 Contumeliose
633 3719 729 3776 istam
761 3720 900 3800 ἀμαθίαν
933 3717 1046 3778 Ulixes
1072 3718 1163 3778 Aiaci
1185 3739 1252 3780 non
1274 3722 1401 3798 objicit,

317 3823 471 3899 quoniam
502 3829 574 3882 tum
606 3821 656 3882 illi
687 3827 759 3882 tum
788 3822 858 3884 aliis
889 3822 1041 3883 omnibus
1064 3825 1219 3899 contingit
1240 3826 1359 3888 invitis.
1374 3829 1401 3908 ³)

317 3927 462 4002 Frustra,
495 3928 615 4007 inquit,
647 3927 732 3988 vires
763 3927 946 4002 intendisti,
978 3930 1100 3991 frustra
1132 3931 1294 3994 iudicibus
1316 3937 1402 3994 mala

318 4034 463 4106 minaris,
487 4053 563 4094 nam
585 4034 640 4112 qui
663 4035 784 4094 virtute
807 4052 864 4094 sua
886 4037 1042 4120 αὐτορκὴς
1064 4043 1111 4096 111
1132 4037 1237 4097 aliena
1259 4039 1401 4113 pericula

348 4282 367 4348 ¹)
403 4286 451 4334 Od.
470 4288 485 4332 6
503 4286 639 4335 -ἔπειτα
657 4288 714 4351 περὶ
732 4287 824 4351 ἀρετῆς
842 4287 908 4348 πρὸς
925 4287 965 4352 ἐμὲ
983 4287 1073 4352 λέγεις.

347 4373 368 4438 ²)
403 4376 436 4426 cf.
454 4375 534 4425 schol.
552 4376 584 4423 ad
603 4376 744 4439 Odysseam
763 4377 787 4436 1,
807 4379 828 4426 l.
845 4404 877 4413 -
894 4376 952 4425 Joel
969 4392 994 4440 p.
1012 4379 1059 4425 404
1078 4393 1130 4440 sq.,
1148 4393 1172 4442 p.
1190 4381 1246 4433 185.
