3458 5182
842 357 880 421 28

316 541 545 600 convenientia
579 543 769 616 praesertim
792 541 960 612 laudante,
982 545 1049 599 tam
1071 541 1168 615 longe
1190 545 1312 599 remota
1333 557 1400 599 esse

316 645 496 718 videretur,
519 665 586 704 non
608 647 667 705 diu
690 649 725 705 in
747 647 892 708 tenebris
914 647 1126 706 versabimur.

356 749 491 825 Gorgias
516 752 626 810 rhetor
647 753 820 817 hominum
843 754 970 812 animos
991 770 1120 812 summa
1142 754 1245 828 ipsius
1263 753 1401 811 admira-

315 859 405 915 tione
426 857 550 931 affecit,
573 859 643 933 ipsa
664 860 799 918 rationis
820 876 896 918 1111
911 861 1055 918 novitate
1070 858 1213 927 adiutus;
1229 858 1401 916 accedebat

316 964 520 1040 eloquentiae
542 965 696 1040 splendor
717 970 748 1023 et
763 964 912 1024 affectata
926 965 1085 1040 quaedam
1101 965 1286 1036 ostentatio,
1302 982 1400 1040 quani

317 1073 348 1127 et
370 1071 406 1128 in
428 1070 574 1129 moribus
596 1075 627 1129 et
650 1073 684 1128 in
707 1072 885 1147 praeceptis
907 1088 982 1146 prae
1005 1087 1037 1129 se
1061 1070 1195 1129 ferebat.
1219 1070 1244 1147 ¹)
1267 1067 1401 1142 Gorgias

317 1175 352 1232 in
368 1180 530 1235 conventu
543 1194 673 1252 poscere
685 1194 791 1250 ausus,
803 1178 918 1256 quade
931 1195 964 1235 re
976 1179 1115 1254 quisque
1127 1177 1226 1234 vellet
1238 1176 1361 1249 audire,
1372 1175 1400 1252 ²)

316 1282 440 1341 artibus
462 1283 625 1342 eiusmodi
647 1300 740 1356 1111,
763 1284 883 1361 quihus
904 1284 1067 1343 auditores
1088 1287 1227 1354 teneret,
1247 1281 1400 1358 eloquen-

316 1388 379 1445 tiae
402 1389 471 1445 vim
492 1405 528 1446 ac
550 1388 700 1447 suadelae
722 1391 916 1449 suavitatem
938 1405 1101 1448 summam
1116 1387 1143 1466 3)
1164 1388 1314 1463 adeptus,
1334 1405 1401 1445 non

316 1492 423 1552 solum
444 1493 566 1567 gloriae
588 1496 761 1570 cupiditati
784 1500 816 1555 et
837 1499 989 1571 quaestus
1011 1494 1160 1553 aviditati
1177 1472 1401 1566 indulsit,sed

316 1599 414 1656 etiarn
444 1599 663 1674 sophistarum
691 1618 780 1661 more
807 1603 991 1659 novitatum
1018 1600 1137 1659 studiis
1162 1599 1198 1657 id
1219 1597 1346 1657 efficere
1368 1616 1400 1656 11

316 1707 457 1779 putavit,
480 1710 515 1764 11
537 1707 686 1783 aequales
713 1708 873 1767 rationem
885 1707 1017 1765 dicendi
1029 1723 1147 1765 novam
1160 1707 1400 1780 captiosamque

316 1815 529 1885 sequerentur
548 1816 579 1871 et
598 1813 914 1885 argumentationem
938 1813 1153 1870 imitarentur.

357 1913 397 1972 nt
418 1933 530 1974 revera
551 1916 612 1974 hoc
634 1919 663 1974 ei
679 1919 852 1991 contigisse
867 1919 1029 1975 novimus.
1075 1916 1207 1975 Invenit
1221 1917 1402 1975 imitatores

317 2025 348 2078 et
379 2023 541 2095 sapientes
573 2023 709 2098 quidem
741 2027 772 2082 et
793 2023 938 2082 illustres
960 2025 1055 2082 viros.
1100 2021 1182 2081 Rem
1204 2039 1270 2080 non
1292 2023 1401 2095 incog-

316 2127 419 2184 nitam
442 2129 554 2201 paucis
575 2128 736 2203 exemplis
758 2129 919 2189 illustrare
942 2128 1090 2188 sufficiet.

357 2230 601 2308 Thucydidesi)
613 2235 702 2291 enim
713 2236 834 2310 pariter
845 2252 881 2293 ac
892 2232 1027 2308 Gorgias
1037 2252 1055 2292 a
1064 2236 1231 2292 communi
1241 2251 1400 2306 sermone,

317 2354 335 2394 a
356 2337 483 2412 vulgari
506 2339 680 2398 verborum
702 2342 937 2416 compositione
959 2341 1127 2409 abhorret;
1150 2341 1209 2399 hac
1226 2342 1260 2397 in
1275 2358 1310 2398 re
1325 2357 1401 2397 eum

315 2444 443 2517 saepius
458 2443 637 2518 sophistam
653 2463 720 2504 esse
736 2451 885 2505 secutum
901 2446 1057 2504 denotant
1073 2447 1250 2523 sequentia.
1272 2444 1401 2518 Thucy·

316 2549 410 2607 dides
432 2549 614 2609 identidem
633 2551 794 2626 adjectiva
809 2554 958 2611 neutrius
972 2553 1102 2626 generis
1116 2569 1173 2627 pro
1188 2552 1402 2610 substantivis

317 2654 451 2714 adhibet
472 2674 531 2715 v.c.
553 2657 589 2720 τὸ
612 2661 736 2730 πιστόν,
751 2663 787 2725 τὸ
800 2661 934 2734 ἐπιεικές,
949 2658 984 2722 τὸ
997 2655 1211 2740 βουλόμενον,
1227 2659 1263 2723 τὸ
1276 2655 1403 2744 ὀργιζό-

265 2800 269 2806 ·
316 2788 421 2841 μενον,
443 2764 479 2827 τὸ
501 2765 700 2846 θυμούμενον
723 2765 779 2839 (cf.
801 2764 975 2839 GOPgianat
997 2765 1032 2828 τὸ
1055 2766 1189 2838 ἐπιεικές,
1204 2765 1240 2828 τὸ
1257 2758 1401 2838 δίκαιον),

316 2867 519 2927 substantiva
550 2888 568 2928 a
600 2870 709 2930 verbis
741 2871 886 2929 derivata
918 2888 975 2945 pro
1009 2870 1116 2928 verbis
1144 2886 1203 2928 vc.
1233 2866 1403 2949 τολμητὴς,

316 2969 525 3049 κινδυνευτής,
554 2979 697 3050 εἰκαστής
725 2975 781 3052 (cf.
805 2974 965 3050 Gorgiana
987 2977 1191 3062 θεράποντες,
1215 2974 1402 3050 κολαστής);

317 3079 395 3137 (lein
418 3097 516 3139 novas
539 3080 633 3155 fingit
655 3100 749 3140 voces
763 3082 937 3159 (ποιητικὸν
948 3088 1012 3146 τῶν
1024 3081 1190 3163 ὀνομάτων
1201 3098 1263 3140 see.
1277 3080 1403 3154 DlOHyS

317 3185 357 3243 de
370 3184 471 3244 Thuc.
484 3186 552 3245 iud.
565 3204 589 3244 1.
603 3186 637 3244 II
650 3185 713 3265 24.)
728 3194 764 3247 ut
775 3186 910 3261 Gorgias
921 3205 1050 3265 qnoque
1062 3188 1155 3255 fecit3
1168 3187 1404 3263 deniqueuter-

317 3309 380 3367 que
395 3308 558 3350 summam
573 3295 682 3367 posuit
698 3311 808 3351 curam
824 3295 860 3352 in
874 3293 1048 3351 verborum
1062 3292 1273 3351 collocatione
1286 3297 1317 3350 et
1329 3309 1404 3350 con·

317 3400 494 3456 structione
504 3398 538 3456 id
548 3399 635 3474 quod
646 3398 679 3457 ll.
690 3398 909 3458 2Di0n.voeat
915 3400 951 3462 τὸ
962 3392 1125 3471 πολυειδὲς
1134 3396 1402 3482 τῶυσχημᾶτων)·

358 3501 451 3573 Quod
466 3505 584 3561 attinet
598 3503 639 3561 ad
654 3504 844 3576 Isocratem,
861 3502 997 3577 longum
1013 3507 1059 3562 est
1076 3502 1116 3560 de
1131 3501 1272 3575 singulis
1284 3501 1402 3572 dicere,

317 3608 438 3684 quibus
460 3610 615 3667 convenit
637 3626 712 3667 cum
734 3607 862 3680 Gorgia.
896 3608 984 3680 Quid
999 3609 1088 3667 enim
1105 3608 1220 3683 loquar
1232 3606 1272 3664 de
1284 3607 1405 3664 utrius·

317 3731 381 3791 que
413 3715 488 3772 stilo
521 3714 709 3788 artificioso,
736 3715 776 3774 de
798 3713 913 3788 figuris
935 3718 966 3772 et
987 3713 1103 3790 tropis,
1126 3715 1166 3772 de
1188 3711 1341 3788 periodis,
1365 3712 1405 3770 de

318 3824 421 3878 metro
443 3819 477 3878 in
500 3838 593 3895 prosa
614 3839 762 3880 sermone
785 3818 958 3880 adhibito?

358 3923 524 3995 Quantum
555 3924 768 3985 Antisthenes
800 3943 876 3984 cum
908 3923 1040 3999 Gorgias
1073 3922 1259 3995 conveniat,
1295 3920 1406 3998 paucis

317 4028 466 4089 indicavi.
489 4028 601 4108 Neque
622 4049 699 4090 vero
721 4030 901 4090 omittenda
923 4035 1000 4091 sunt
1021 4029 1254 4106 discrepantiae
1276 4027 1404 4087 indicia.

351 4271 373 4336 ¹)
391 4274 425 4323 cf.
441 4273 535 4322 Weber
551 4275 592 4332 ll.,
611 4289 635 4337 p.
654 4276 700 4323 198
718 4290 754 4336 sq.
821 4273 845 4337 ῃ)
864 4278 897 4326 cf.
917 4277 969 4326 Cic.
989 4277 1021 4326 de
1039 4277 1111 4328 Orat.
1130 4277 1234 4338 111,32‚
1253 4280 1307 4326 129.

349 4361 373 4426 ³)
392 4365 425 4416 cf.
443 4364 525 4415 Blass.
543 4365 564 4426 l,
582 4380 606 4428 p.
624 4367 665 4415 65.
699 4366 807 4415 Classen
824 4368 907 4431 praef.
924 4368 957 4415 ad
976 4367 1056 4416 Thuc.
1073 4382 1097 4431 p.
1115 4367 1231 4416 LXXVI
1248 4383 1277 4429 sq
1296 4404 1302 4417 .
