3458 5182
840 361 879 422 47

319 547 435 624 possit,
458 546 617 624 quidnam
639 545 669 606 ei
691 547 780 606 adest
803 547 1040 605 documentum
1062 563 1126 621 quo
1148 546 1304 621 approbet
1323 565 1408 607 com-

320 654 493 713 mendetve
516 652 699 714 doctrinam
721 654 837 712 suani?
868 650 1044 711 Severitate
1067 649 1185 709 duritia
1206 669 1319 712 omnes
1340 653 1408 712 fere

320 761 461 819 deterret
496 764 528 819 et
563 759 713 835 depellit,
748 757 950 833 impudentia
984 762 1016 816 et
1051 757 1232 830 arrogantia
1266 758 1409 837 reliquos

319 864 458 925 offendit
492 901 533 909 —
567 865 733 942 quodnam
766 865 995 924 adiumentum
1030 863 1088 923 tali
1124 863 1250 923 homini
1283 871 1409 941 praesto

319 977 399 1045 erat,
433 991 497 1050 quo
520 971 674 1032 excitaret
696 972 781 1031 cives
803 989 892 1042 suos,
916 976 952 1029 ut
974 972 1014 1030 ad
1036 970 1205 1029 meliorem
1227 971 1312 1030 vitae
1334 990 1409 1030 con-

319 1076 477 1137 ditionem
512 1076 735 1153 pervenirent,
775 1077 965 1152 exemplum
1000 1095 1018 1135 a
1054 1094 1087 1135 se
1123 1077 1236 1135 datum
1272 1077 1409 1138 imitati?

321 1182 419 1243 Recte
450 1186 491 1244 ad
523 1184 603 1244 haee
635 1183 804 1260 respondit
838 1183 954 1242 Weber
985 1201 1015 1259 p.
1048 1181 1096 1243 93.
1140 1183 1208 1256 „lla
1233 1184 1320 1243 enim
1343 1192 1410 1245 erat

319 1289 517 1366 Cynicorum
550 1289 751 1350 consuetudo
783 1289 818 1348 in
851 1308 915 1366 qua
946 1294 1013 1348 tota
1044 1307 1158 1349 eorum
1190 1290 1408 1366 philosophia,

319 1414 401 1472 quae
433 1398 474 1456 de
506 1397 652 1457 moribus
678 1401 740 1470 esi,
763 1395 938 1455 constituta
960 1401 1041 1468 erat,
1065 1402 1101 1454 ut
1126 1394 1347 1455 efficacissima
1368 1398 1409 1455 ad

318 1501 489 1560 hominum
521 1502 646 1562 animos
678 1501 916 1577 permovendos
948 1502 1099 1576 exempla
1131 1519 1199 1560 esse
1221 1501 1281 1560 rati
1302 1503 1409 1579 turpia

317 1607 471 1667 vitiorum
493 1608 657 1684 exempla,
677 1606 840 1666 virtutum
856 1607 1017 1681 praeclara
1033 1611 1064 1664 et
1079 1606 1296 1666 aemulatione
1311 1607 1409 1682 digna

318 1719 551 1790 proponerent,
571 1713 655 1772 illud
671 1712 794 1772 scilicet
810 1711 983 1772 consilium
999 1712 1114 1784 secuti,
1130 1714 1217 1789 quod
1238 1713 1408 1772 Demonax

318 1819 367 1879 his
389 1818 497 1878 verbis
519 1820 590 1878 dat:

357 1960 398 1969 -
419 1927 451 1989 ἐν
474 1922 660 2011 ἀλλοτρίοις
681 1920 912 2010 παραδείγμασι
939 1921 1064 1989 παίδευε
1085 1926 1202 1990 σαυτὸν
1216 1929 1264 1989 καὶ
1282 1923 1409 2001 ἀπαθὴς

318 2036 382 2096 τῶν
403 2036 505 2097 κακῶν
527 2030 582 2117 ἔσῃ
606 2030 758 2108 (Maxim.
780 2030 813 2104 2,
836 2048 866 2105 p.
891 2027 963 2097 165,
986 2027 1025 2089 28
1047 2029 1097 2089 ed.
1120 2029 1249 2105 Gesn).'’

360 2139 474 2215 Itaque
497 2139 648 2213 exempla
670 2139 852 2212 unicuique
874 2139 1046 2196 notissima
1065 2142 1096 2195 et
1110 2139 1272 2196 virtutum
1287 2141 1318 2195 et
1334 2140 1409 2195 viti-

318 2262 413 2303 orum
450 2246 603 2320 proponit
641 2244 858 2304 Antisthenes
898 2261 999 2320 eaque
1021 2242 1062 2301 ad
1094 2261 1201 2301 mores
1233 2243 1408 2302 hominum

318 2350 524 2423 corrigendos
565 2349 744 2408 efficaciora
784 2353 876 2424 putat
919 2366 1017 2425 quam
1053 2349 1136 2408 solas
1171 2349 1408 2423 disputationes

318 2474 488 2532 morasque
521 2455 781 2523 adhortationes.
840 2453 894 2512 Sic
935 2453 1054 2514 Nestor
1089 2459 1137 2514 est
1174 2456 1408 2530 temperantiae

318 2561 499 2636 exemplar,
521 2562 698 2635 sapientiae
726 2558 877 2617 Minerva
897 2564 933 2616 ut
948 2556 1077 2632 Ulixes,
1093 2559 1271 2634 voluptatis
1286 2559 1407 2642 Venus,

317 2667 500 2725 nobilitatis
522 2666 670 2724 Achilles
693 2671 725 2724 et
746 2665 847 2737 Aiax,
872 2665 1028 2724 castitatis
1050 2669 1082 2722 et
1097 2665 1291 2739 prudentiae
1307 2667 1408 2726 Pene-

317 2771 404 2847 lope,
427 2773 546 2831 amoris
568 2771 696 2830 fallacis
722 2771 871 2847 Calypso.
887 2772 912 2848 ¹)

359 2877 399 2935 In
425 2879 618 2936 universum
645 2877 815 2953 hucusque
846 2877 1050 2936 ostendimus
1075 2875 1308 2935 Antisthenem
1333 2895 1408 2954 ope-

317 3001 386 3042 ram
408 2984 536 3042 dedisse
559 2984 755 3059 explicando
778 2983 937 3052 Homero;
953 2984 994 3042 ad
1010 2984 1116 3042 ethica
1132 2989 1301 3060 praecepta
1319 3001 1407 3058 prae·

317 3091 429 3147 sertim
460 3089 644 3147 Homerum
670 3090 860 3149 adhibuisse
882 3107 957 3148 eum
980 3090 1133 3163 colligere
1161 3090 1238 3150 licet
1261 3108 1278 3148 e
1299 3092 1407 3150 titulis

317 3195 397 3269 ipsis
425 3211 561 3270 operum
595 3194 850 3253 Homericorum
864 3194 891 3272 ⁹)
922 3228 963 3237 —
991 3212 1071 3271 quos
1101 3196 1213 3270 paucis
1234 3195 1407 3270 perlustra-

316 3299 435 3361 bimus.

358 3405 578 3466 Continentur
604 3411 692 3464 tomo
715 3412 827 3464 octavo
849 3411 881 3465 et
902 3424 1007 3475 non0;
1037 3405 1216 3465 Muellerus
1238 3405 1408 3466 Osannum

316 3516 446 3572 secutus
479 3517 565 3572 recte
598 3513 748 3571 observat
781 3514 816 3570 in
850 3513 1084 3571 distributione
1114 3514 1249 3571 illorum
1271 3530 1407 3588 operum

317 3619 468 3678 ordinem
500 3624 532 3678 et
558 3621 720 3678 rationem
743 3618 907 3695 quandam
930 3620 1019 3677 cerni
1042 3621 1101 3692 ita,
1124 3624 1160 3678 ut
1181 3623 1294 3679 octavo
1315 3621 1406 3679 volu-

316 3727 406 3782 mine
443 3727 656 3783 inveniantur
688 3727 808 3800 scripta
840 3725 881 3782 ad
914 3723 1054 3783 Iliadem
1076 3726 1292 3801 perlinentia,
1319 3744 1406 3785 nono

348 4029 372 4092 ¹)
399 4029 433 4080 cf.
462 4027 547 4077 Schol.
574 4027 607 4074 ad
634 4027 682 4076 Od.
708 4027 729 4075 I.
758 4029 779 4075 1.
805 4053 838 4062 -
855 4026 948 4074 Weber
966 4026 994 4075 ll.
1011 4041 1037 4090 p.
1055 4029 1101 4076 226
1122 4041 1159 4088 sq.
1177 4054 1209 4063 -
1228 4026 1361 4091 Ohappuis
1377 4028 1406 4076 ll.

316 4137 341 4184 p.
359 4122 390 4168 42
408 4134 445 4181 sq.
462 4148 494 4154 -
512 4117 625 4165 Mueller
641 4117 669 4166 ll.
688 4132 713 4179 p.
732 4119 760 4164 51
780 4131 816 4179 sq.
834 4144 866 4153 -
885 4117 1036 4165 Duemmler
1053 4118 1116 4167 Ant.
1134 4132 1158 4179 p.
1177 4119 1207 4165 16
1226 4132 1263 4179 sq.

349 4207 372 4270 ²)
392 4209 516 4270 Pleraque
534 4207 635 4270 scripta
651 4208 764 4255 formam
782 4207 879 4268 dialogi
896 4207 1018 4254 habuisse
1027 4207 1141 4255 libenter
1150 4207 1279 4255 credimus
1289 4207 1406 4255 Hirzelio

315 4299 461 4360 ceterisque
478 4298 543 4347 viris
559 4297 651 4346 doctis.
669 4297 702 4346 cf.
720 4296 736 4345 J
739 4297 788 4345 oel.
806 4297 835 4345 ll.
853 4311 878 4360 p.
896 4297 955 4356 399,
974 4299 1013 4345 nt.
1031 4298 1062 4344 2:
1080 4298 1144 4346 Ant.
1162 4296 1209 4345 der
1225 4296 1267 4345 die
1277 4296 1406 4358 gorgiani·

316 4389 378 4438 sche
391 4387 518 4436 Rhetorik
530 4388 578 4434 mit
589 4387 635 4435 dcr
644 4386 819 4449 schlagenden
830 4385 953 4447 Dialogik
962 4384 1086 4438 verband.
1094 4387 1130 4435 cf.
1141 4385 1214 4448 Diog.
1223 4384 1310 4434 Laert.
1319 4385 1365 4435 VI.
1375 4387 1401 4437 1.
