3458 5182
823 368 861 431 57

297 545 592 609 Winckelmannus
621 566 651 623 p.
688 544 728 609 28
753 548 793 606 ab
823 547 1028 621 Homericis,
1058 546 1194 608 fortasse
1229 547 1387 626 quoniam

297 652 461 713 Aristides
475 655 511 713 in
527 655 673 713 oratione
684 652 788 725 XXV,
812 651 938 730 (XLIX
960 653 1045 712 Keil.
1070 650 1084 731 ξ
1101 649 1154 731 33)
1172 653 1302 712 nudum
1317 658 1387 711 tan·

295 765 368 818 tum
381 760 518 820 titulum
539 764 609 848 περὶ
631 759 746 836 (οἴνου)
769 762 915 847 χρήσεως
936 764 1170 819 commemorat
1200 761 1224 839 ).

332 938 335 945 Ι
418 863 529 927 51-
549 871 618 955 περὶ
642 873 770 955 Κίρκης·
790 899 832 909 -

338 970 392 1030 Ad
424 972 514 1032 hunc
545 972 670 1032 librum
703 973 765 1031 viri
798 973 886 1032 docti
919 971 1005 1030 nihil
1037 972 1203 1031 adnotant.
1246 970 1388 1048 Aliquid

297 1076 432 1136 fortasse
455 1077 539 1136 mihi
561 1078 598 1136 11
620 1078 768 1136 medium
789 1077 935 1153 proferre
947 1077 1070 1136 licebit.
1091 1075 1146 1134 Ad
1162 1074 1273 1135 Oircae
1285 1082 1388 1136 artem

298 1183 472 1258 magicam,
506 1201 588 1261 quae
619 1184 705 1243 libro
737 1182 865 1242 decimo
891 1182 1089 1242 describitur
1109 1182 1171 1240 hoc
1193 1183 1388 1257 opusculum

297 1291 457 1362 spectasse
488 1322 529 1331 -
560 1289 595 1347 id
627 1305 808 1348 memorare
841 1289 982 1347 otiosum
1014 1290 1071 1346 est.
1116 1286 1180 1345 Sed
1210 1290 1279 1363 ipse
1310 1288 1388 1348 libri

296 1392 430 1466 titulus,
454 1396 511 1470 qui
533 1399 580 1453 est
601 1396 787 1468 argumenti
809 1394 987 1465 indIcinm,
1011 1393 1207 1451 documento
1229 1393 1324 1453 nobis
1341 1396 1390 1451 est

298 1498 364 1555 iam
395 1498 630 1558 Antisthenem
662 1499 776 1558 eadem
803 1500 840 1557 in
862 1498 1097 1574 impugnandis
1118 1497 1296 1573 voluptatis
1318 1498 1389 1556 ille·

298 1601 403 1663 cebris
425 1603 569 1678 imagine
591 1604 802 1678 delectatum,
826 1605 957 1682 qualem
978 1609 1089 1681 postea
1106 1602 1296 1664 adhibuisse
1311 1601 1389 1661 Dio·

297 1724 416 1780 genem
436 1713 574 1768 testatur
595 1708 659 1769 Dio
687 1708 939 1786 Ohrysostomus
960 1729 1005 1771 11.
1031 1710 1116 1769 VIII
1141 1710 1170 1789 ²)
1194 1704 1389 1788 12012831

298 1800 383 1898 ίτέριι
416 1809 447 1879 δὲ
480 1811 637 1902 δεινοτέρα
668 1816 755 1903 μάχη
783 1820 830 1881 καὶ
859 1815 948 1903 ἀγών
975 1818 1058 1882 ἐστιν
1079 1816 1119 1881 111
1140 1817 1268 1899 μικρὸς,
1302 1812 1389 1879 ἀλλὰ

298 1917 384 1984 πολὺ
405 1922 520 1985 τούτου
540 1920 656 2005 μείζων
676 1926 722 1986 καὶ
746 1919 1017 2010 ἐπικινδυνότερος
1042 1926 1060 1987 ὁ
1086 1924 1169 2008 πρὸς
1186 1923 1243 1997 τὴν
1259 1917 1389 1996 ἡδονὴν,

299 2027 355 2090 οὐκ
377 2026 525 2114 ἄντικρυς
544 2023 757 2113 βιαζομένην,
786 2025 1079 2101 ἀλλ’ἐξοπαπὼσιιυ
1102 2032 1150 2092 καὶ
1173 2030 1389 2112 γοητεύουσαν

300 2128 415 2206 δεινοῖς
437 2133 627 2219 φαρμάκοις.
639 2176 647 2190 ·
660 2176 667 2190 ·
681 2176 687 2189 ·
703 2137 808 2221 ὥσπερ
825 2133 970 2222 Ὅμηρός
994 2147 1068 2219 φησι
1092 2135 1150 2208 τὴν
1173 2137 1293 2218 Κίρκην
1314 2134 1390 2206 τοὺς

298 2244 354 2302 τοῦ
375 2234 557 2316 Ὀδυσσέως
578 2243 722 2329 ἑταίρους
743 2239 987 2328 καταφαρμάξαι,
1011 2241 1136 2306 κᾶπειτα
1158 2242 1234 2314 τοὺς
1255 2244 1311 2321 μὲν
1330 2245 1390 2314 σῦς

299 2345 420 2419 αὐτῶν,
448 2349 526 2421 τοὺς
553 2342 584 2412 δὲ
612 2347 732 2422 λύκους
753 2351 917 2433 γενέσθαι,
939 2352 1015 2423 τοὺς
1038 2343 1069 2412 δὲ
1092 2345 1257 2413 ἄλλ’ὄττο
1278 2349 1389 2432 θηρία,

298 2453 443 2516 τοιοῦτόν
455 2455 566 2519 ἔστιτὸ
577 2465 683 2542 χρῆμα
694 2466 750 2530 τῆς
762 2452 889 2530 ἡδονῆς,
902 2456 966 2542 οὐχ
979 2454 1093 2529 ἁπλῶς
1106 2450 1389 2539 ἐπιβουλευούσης,

283 2555 386 2639 ,illd
408 2560 512 2624 πάντα
532 2563 664 2646 τρόπον,
688 2556 738 2626 διά
759 2589 790 2625 τε
812 2572 867 2636 τῆς
889 2562 995 2645 ὅψεως
1016 2558 1066 2626 καὶ
1086 2558 1390 2647 ἆκοῆςῆὀφρύσεως

299 2660 318 2737 ἢ
348 2666 488 2748 γεύσεως
521 2662 540 2731 d
572 2665 668 2751 ἁφῆς,
689 2660 742 2730 ’ἐτι
775 2662 806 2731 δὲ
832 2670 944 2740 σιτίοις
977 2669 1025 2730 καὶ
1058 2673 1171 2739 ποτοῖς
1193 2667 1241 2729 καὶ
1262 2659 1391 2750 ἆφροδι·

299 2772 383 2844 σιύις
406 2766 581 2859 διαφθεῖραι
603 2776 810 2859 πειρωμένης,
830 2774 950 2855 ὁμοίως
961 2776 1017 2854 μὲν
1029 2771 1258 2857 ἐγρηγορότας,
1271 2771 1391 2852 ὁμοίως

300 2869 331 2938 δὲ
354 2879 563 2958 κοιμωμένους
580 2894 607 2936 e.
619 2896 649 2954 q.
662 2894 686 2935 1.
709 2875 804 2934 Nihil
821 2892 902 2950 opus
918 2879 965 2934 est
981 2875 1116 2943 addere;
1138 2875 1266 2933 etiamsi
1279 2872 1390 2932 OIrcae

300 2998 350 3038 ars
373 2985 409 3039 ut
431 2980 565 3056 Cynicis
588 2984 632 3040 ita
653 2983 728 3041 aliis
743 2980 770 3058 ³)
794 2980 999 3057 philosophis
1021 2980 1157 3038 moralia
1169 2979 1391 3055 spectantibus

300 3087 475 3161 peridonea
512 3092 579 3146 erat
616 3089 739 3162 imago,
774 3085 874 3146 totius
909 3087 1065 3145 orationis
1101 3090 1196 3144 tenor
1231 3102 1267 3143 ac
1303 3083 1391 3142 color

300 3189 503 3267 Cynicorum
524 3198 679 3253 revocant
702 3195 905 3254 memoriam.

333 3393 356 3457 1)
383 3396 439 3452 Quo
460 3398 617 3458 argumento
641 3398 740 3455 motus,
775 3394 927 3442 Duemmlcr
951 3393 1036 3442 varIos
1056 3394 1102 3442 hos
1122 3394 1216 3442 titulos
1236 3393 1392 3456 pertinuisse

300 3488 421 3535 autumet
438 3487 470 3534 ad
489 3501 571 3534 unum
588 3486 733 3549 dialogum,
751 3487 796 3549 qui
816 3485 926 3549 Cyclops
944 3490 1002 3535 crat
1019 3485 1181 3546 nominatus,
1200 3485 1319 3547 equidem
1338 3498 1392 3532 non

302 3575 385 3626 vIch.

332 3662 357 3727 ¹)
384 3665 475 3713 Totam
488 3666 586 3714 hancce
600 3665 744 3715 1111111111
759 3680 863 3729 prorsus
880 3679 894 3714 e
911 3665 1033 3728 genuinis
1044 3664 1149 3728 Cynicis
1158 3664 1279 3713 fontibus
1288 3662 1392 3712 fluxisse

301 3769 355 3802 non
381 3755 462 3803 solum
489 3754 612 3816 conjicias
637 3769 652 3803 e
676 3755 772 3805 tibulo:
798 3753 920 3821 Διογένης
947 3755 963 3815 ἣ
988 3756 1044 3819 περὶ
1063 3755 1168 3820 ἀρετῆς,
1185 3755 1229 3803 sed
1254 3754 1334 3802 etiam
1359 3767 1392 3801 ex

305 3846 424 3894 Herculis
449 3847 569 3910 exemplo
590 3847 733 3910 proposito.
758 3846 919 3895 Luculenter
939 3851 966 3895 et
983 3845 1084 3909 copiose
1101 3845 1134 3894 de
1153 3845 1267 3907 Cynicae
1284 3843 1393 3905 originis

302 3934 406 3984 indiciis
422 3941 535 3998 egerunt
550 3937 645 3986 Weber
662 3938 689 3986 ll.
707 3953 732 4001 p.
752 3938 887 3986 133-140.
905 3964 937 3973 —
959 3936 999 3985 De
1015 3936 1108 3984 Arnim
1125 3936 1154 3984 ll.
1171 3950 1196 3999 p.
1215 3936 1261 3983 leo
1278 3948 1315 3996 sq.

335 4023 358 4087 ³)
376 4027 410 4075 ci.
420 4027 487 4077 Xen.
498 4027 576 4077 Mem.
587 4028 607 4076 l.
622 4030 649 4087 3,
668 4030 681 4076 7
695 4044 746 4090 sq:
764 4027 807 4076 ubi
824 4027 943 4076 Socrates
955 4026 1088 4075 modicum
1098 4025 1200 4074 victum
1210 4023 1391 4082 commendat,

303 4116 423 4178 exemplo
448 4117 584 4165 notissimo
611 4118 696 4166 Ulixis
722 4132 768 4181 per
792 4118 886 4177 iocum,
912 4131 991 4166 usus:
1017 4116 1059 4165 rat
1076 4116 1127 4175 τὴν
1144 4116 1243 4179 Κίρκην
1260 4112 1291 4172 ὗς
1309 4117 1394 4163 ποιεῖν

303 4207 429 4265 τοιούτοις
446 4208 555 4266 πολλοῖς
578 4206 765 4269 δειπνίζουσαν,
784 4209 830 4258 τὸν
856 4207 880 4257 δὲ
907 4206 1028 4257 Ὀδυσσέα
1052 4204 1144 4270 Ἑρμοῦ
1162 4223 1188 4255 τε
1206 4203 1392 4269 ὑποθημοσύνῃ

303 4298 344 4346 καὶ
362 4297 443 4346 αὑτὸν
460 4298 568 4363 ἐγκρατῆ
585 4298 648 4347 ὄντα
665 4299 707 4346 καὶ
717 4297 899 4363 ἀποσχόμενον
909 4280 955 4346 roi>
972 4295 1036 4362 ὑπὲρ
1049 4297 1095 4346 τὸν
1105 4296 1193 4358 καιρὸν
1207 4298 1259 4343 τῶν
1268 4293 1394 4344 τοιούτων

304 4388 431 4437 ἅπτεσθαι
448 4386 488 4437 διὰ
505 4390 587 4438 ταῦτα
604 4389 660 4440 οὐδὲ
677 4388 793 4455 γενέσθαι
809 4387 849 4439 ὗν.
