3458 5182
846 402 883 464 13

360 583 484 641 Veram
517 601 583 643 non
611 582 719 642 solum
741 585 776 641 in
799 583 859 642 hae
886 600 952 642 una
977 601 1012 641 re
1039 599 1117 642 oum
1139 583 1312 658 Protagora
1334 601 1409 643 eon-

320 690 412 747 venit
424 687 449 766 1)
482 687 707 748 Antisthenes.
751 687 873 763 Operae
900 691 1044 764 pretium
1066 688 1198 747 videtur
1218 687 1293 747 data
1314 705 1410 764 opera

320 798 467 853 accurate
501 793 662 868 indicare,
695 799 774 870 quot
805 796 871 852 sint
903 799 1096 868 argumenta
1127 794 1168 853 de
1195 795 1316 872 quibus
1338 800 1410 870 pest

320 901 499 976 sophistam
532 899 748 976 philosophus
781 902 897 974 egerit,
931 904 968 958 ut
993 903 1144 975 appareat
1165 904 1287 976 quanta
1307 900 1410 959 fuerit

321 1007 406 1065 inter
438 1011 615 1081 utrumque
647 1009 887 1065 convenientia.
930 1006 1026 1081 Diog.
1063 1005 1157 1065 Laert
1189 1004 1254 1080 IX,
1280 1004 1318 1065 55
1345 1012 1409 1071 τῶν

320 1109 509 1196 σῳζομένων
540 1108 690 1197 βιβλίων
723 1110 915 1184 Protagorae
937 1116 1111 1186 sequentes
1146 1113 1260 1170 titulos
1295 1113 1408 1186 tradit,

321 1235 401 1294 quos
423 1233 609 1292 comparare
631 1217 723 1276 lubet
745 1235 819 1275 oum
843 1217 1085 1278 Antisthenieis
1108 1217 1325 1292 quibusdam:

402 1321 602 1396 Protagoras:
886 1323 1114 1382 Antisthenes:

320 1432 416 1514 τέχνη
428 1430 599 1515 ἐριστικῶν·
718 1425 769 1487 29:
792 1433 861 1516 περὶ
870 1430 1037 1511 ὀνομάτων
1047 1431 1193 1516 χρήσεως
1205 1431 1370 1516 ἐριστικός·
1381 1430 1408 1506 ²)

319 1538 389 1621 περὶ
411 1532 528 1609 πάλης·

319 1645 387 1723 περὶ
410 1643 474 1703 τῶν
489 1640 692 1722 μαθημάτων·
720 1637 772 1700 38:
795 1638 864 1727 περὶ
877 1647 933 1704 τοῦ
944 1641 1117 1721 μανθάνειν
1128 1638 1355 1727 προβλήματα·

319 1750 389 1833 περὶ
410 1745 584 1821 πολιτείας.
720 1744 771 1804 14:
794 1751 863 1833 περὶ
877 1747 976 1827 νόμον
990 1745 1006 1820 ἢ
1018 1751 1086 1833 περὶ
1103 1744 1276 1820 πολιτείας·

319 1856 387 1935 περὶ
411 1849 601 1937 φιλοτιμίας.

318 1963 387 2042 περὶ
411 1956 538 2044 ἀρετῶν·

319 2069 388 2151 περὶ
410 2072 466 2137 τῆς
487 2065 519 2128 ἐν
539 2062 625 2149 ἀρχῇ
647 2091 697 2125 κα·
721 2059 768 2121 60.
793 2061 969 2139 Μενέξενος
991 2094 1009 2140 η
1032 2063 1101 2151 περὶ
1124 2071 1180 2128 τοῦ
1203 2065 1323 2153 ἄρχειν·

359 2169 551 2242 ταστάσεως·

319 2279 388 2358 περὶ
410 2279 474 2337 τιῖιν
496 2275 529 2337 ἐν
552 2269 640 2358 ᾅδου·
721 2272 772 2332 34:
795 2278 864 2361 arpi
887 2279 951 2338 τῶν
974 2278 1006 2339 ἐν
1029 2271 1117 2360 ᾅδου.

320 2383 389 2464 περὶ
412 2383 476 2443 τῶν
502 2379 560 2444 οὐκ
587 2381 695 2466 ὀρθῶς

401 2493 470 2561 τοῖς
512 2485 697 2573 ἀνθρώποις

401 2595 641 2677 πρασσομένων·

320 2699 560 2781 προστακτικός·

322 2797 390 2877 δίκη
410 2803 488 2890 ὑπὲρ
509 2807 635 2886 μισθοῦ·

296 2926 298 2931 “
319 2906 514 2994 α’ντιλογιῶν
537 2906 603 2980 ito.
721 2907 773 2968 25:
796 2914 863 2993 arpi
884 2918 940 2973 τοῦ
960 2906 1160 2996 διαλέγεσθαι
1175 2912 1390 2998 άντιλογικός·

361 3017 448 3088 Quid
471 3037 511 3076 ex
534 3019 593 3077 hae
616 3019 812 3093 scriptorum
834 3019 1007 3077 collatione
1030 3022 1196 3096 sequitur?
1224 3021 1298 3080 Scio
1319 3024 1410 3102 eqni-

320 3124 395 3182 dem
428 3127 464 3183 in
496 3127 708 3202 antiquorum
731 3125 1002 3201 philosophorum
1025 3129 1155 3203 seriptis
1177 3147 1244 3187 non
1266 3130 1411 3186 nimium

353 3438 371 3501 ¹)
408 3439 438 3487 ln
456 3439 642 3488 convenientia
659 3441 730 3488 inter
748 3442 809 3489 Ant.
828 3444 854 3489 et
868 3441 937 3488 Prot.
951 3441 1249 3502 indaganda‚Joollium
1267 3444 1294 3491 ll.
1313 3458 1338 3507 p.
1351 3446 1409 3508 357Ζ

319 3533 423 3576 secutus
457 3543 522 3589 sum,
554 3529 599 3590 qui
626 3529 734 3591 primus,
763 3535 893 3591 quantum
921 3530 1007 3590 video,
1033 3530 1068 3577 ad
1093 3531 1245 3592 analogiam
1271 3533 1410 3581 titulorum

318 3619 479 3667 attenderat.

350 3707 369 3770 ²)
405 3709 437 3756 In
454 3708 544 3757 libris:
564 3709 620 3771 περὶ
639 3708 774 3774 ὀνομάτων
791 3709 903 3774 χρήσεως
921 3709 937 3768 ἢ
956 3709 1109 3773 ἐρωτικὸς-ἠ
1126 3709 1206 3771 ejeeit
1226 3711 1328 3761 Cobet:
1340 3716 1410 3761 reete
1449 3711 1451 3714 ⁴

318 3802 348 3846 nt
367 3798 480 3846 videtur.
498 3798 620 3861 ἐριστικός
638 3800 682 3860 (29
700 3804 726 3846 et
739 3800 784 3859 37)
802 3798 843 3846 nti
855 3798 1017 3864 ἀντιλογικός
1029 3799 1098 3860 (25),
1116 3799 1231 3862 ἐρωτικός
1249 3803 1300 3863 (8),
1309 3802 1409 3852 οιίιονο-

317 3887 388 3953 patr
407 3888 473 3950 (19),
491 3888 691 3952 φυσιογνωμιιιός
709 3889 759 3951 (9),
777 3888 871 3949 quibus
889 3889 1079 3938 additamentis
1098 3889 1198 3938 indoles
1215 3905 1245 3938 ae
1255 3906 1337 3952 genus
1348 3892 1409 3939 libri

317 3975 476 4036 indicantur,
491 3977 584 4024 melius
608 3976 769 4038 adjiciuntur
786 3977 879 4024 omissa
897 3979 991 4026 vocula
1007 3979 1032 4038 ἤ.
1050 3978 1076 4026 ei
1095 3977 1229 4040 Chappuis
1247 3993 1272 4042 p.
1289 3981 1319 4029 34
1339 3988 1367 4029 nt
1386 3984 1409 4043 2,

318 4064 446 4113 Susemihl
464 4064 491 4112 in
510 4064 637 4115 Fleckeis.
655 4065 747 4114 Jahrb.
766 4067 836 4125 1887,
854 4080 879 4127 p.
898 4068 945 4114 207
962 4071 1003 4117 nt.
1022 4068 1044 4115 4.

351 4154 462 4202 Etiamsi
480 4155 544 4203 haee
562 4155 747 4203 additamenta
764 4171 779 4203 a
796 4156 947 4217 posterioris
963 4157 1022 4205 aevi
1039 4157 1212 4219 grammatico
1221 4157 1346 4221 imposita
1354 4173 1409 4206 esse

319 4247 458 4294 verisimile
476 4247 523 4305 sit,
541 4252 632 4294 tamen
650 4248 680 4293 iis
700 4246 826 4293 librorum
844 4245 945 4294 indoles
962 4246 1001 4294 ita
1016 4247 1157 4307 indicatur,
1176 4254 1206 4294 nt
1223 4248 1409 4310 propteripsos

319 4336 413 4383 titulos
435 4351 565 4399 oppenere
592 4335 755 4396 Protagoreis
780 4349 824 4382 eos
849 4318 954 4397 possim.
992 4337 1063 4384 ldrm
1082 4353 1183 4399 quoqne
1202 4338 1256 4385 fieri
1276 4337 1407 4384 interdurn

318 4425 346 4472 in
364 4425 482 4473 Platonis
500 4425 611 4485 dialogis
630 4424 694 4471 satis
712 4428 803 4471 notum
822 4426 870 4471 est.
