3458 5182
862 333 903 396 80

335 522 414 580 artis
445 538 513 580 non
544 520 635 580 adest
668 521 831 582 eiusmodi
863 526 992 580 tantum
1025 523 1181 594 imitatio,
1212 526 1249 580 ut
1274 520 1331 579 hic
1351 520 1423 580 illic

334 633 543 699 agnoscatur,
578 629 636 687 sed
670 630 807 702 vestigia
838 629 919 687 adeo
950 638 1028 687 sunt
1059 631 1233 703 impressa,
1265 634 1301 686 ut
1332 627 1422 685 haud

333 730 435 789 semel
464 738 520 790 aut
550 731 728 806 figurarum
749 734 903 792 cumulus
923 738 980 792 aut
1000 733 1176 792 verborum
1197 732 1344 792 delectus
1365 740 1420 790 aut

332 840 571 896 sententiarum
607 838 849 913 dithyrambica
871 841 896 917 1)
929 839 1037 898 forma
1067 857 1127 898 nos
1158 842 1195 897 in
1226 841 1420 898 memoriam

331 951 483 1002 revocent
506 946 610 1019 ipsius
630 943 769 1018 Gorgiae
793 944 954 1003 Helenam
975 950 1008 1002 et
1031 944 1250 1003 Palamedem.

372 1047 421 1107 De
443 1048 621 1123 figurarum
643 1056 758 1108 natura
779 1068 815 1109 ac
837 1050 943 1109 forma
964 1052 1030 1109 iam
1050 1053 1088 1109 in
1102 1051 1327 1125 superioribus
1341 1052 1419 1109 stitis

331 1155 404 1214 fuse
426 1156 515 1214 dixi:
543 1154 654 1214 nudus
674 1154 753 1213 inde
773 1173 885 1213 earum
907 1161 1099 1230 conspectus
1119 1155 1258 1214 sufficiat
1280 1157 1327 1227 ei,
1359 1158 1416 1232 qui

329 1262 528 1336 reputaverit
560 1261 608 1319 nil
640 1262 753 1338 quaeri
784 1262 849 1318 nisi
881 1260 1057 1319 verborum
1089 1278 1242 1330 examen,
1274 1260 1310 1318 id
1339 1280 1418 1320 vero

330 1383 398 1424 non
424 1365 585 1440 elegantia
606 1366 747 1442 quadam
769 1370 962 1424 exornatum
983 1365 1041 1424 scd
1068 1370 1216 1424 accurata
1241 1367 1417 1435 investiga-

328 1474 419 1531 tione
440 1473 641 1531 institutum.

370 1578 562 1653 ιἰντιθῖσειςῑ

367 1683 412 1745 Ut
443 1685 710 1762 frequentissima
741 1686 902 1759 oppositio
932 1683 1044 1769 λόγων
1076 1688 1108 1742 et
1140 1681 1244 1769 ἔργων
1275 1687 1338 1753 est,
1370 1683 1442 1739 ita·

326 1807 457 1867 <suoque
483 1791 558 1865 plus
578 1789 679 1848 semel
703 1790 873 1848 invenitur
893 1791 1053 1864 oppositio
1074 1788 1183 1876 λάθρᾳ
1204 1792 1236 1846 et
1258 1791 1415 1873 φανερῶς.

366 1896 421 1954 Ai-
454 1894 491 1954 l:
522 1899 646 1960 σιωπᾶν
677 1928 718 1938 -
748 1893 885 1980 λέγοντι·
929 1892 959 1954 7:
982 1892 1002 1970 ἢ
1022 1897 1225 1982 μαχομένους
1247 1902 1371 1981 κρατεῖν
1394 1894 1415 1967 ἢ

327 1996 487 2067 δουλεύειν
508 2006 621 2085 σιωπῇ·

367 2103 404 2165 9:
427 2105 491 2193 οὐχ
512 2106 590 2170 ἑκὼν
611 2103 790 2170 ιἰλλίῖκων.

367 2211 427 2272 Od.
450 2209 486 2271 l:
514 2213 598 2297 πρός
620 2238 654 2276 σε
675 2213 777 2292 μόνον
798 2243 838 2252 -
859 2212 942 2297 πρὸς
963 2213 1040 2286 τοὺς
1061 2209 1187 2286 ἄλλους
1208 2210 1351 2286 ἅπαντας
1372 2246 1412 2255 -

326 2318 370 2377 id.
392 2315 516 2392 ζῶντος
527 2349 567 2359 -
578 2318 762 2391 τεθνεῶτος·

365 2423 402 2485 2:
424 2423 656 2510 κατορθώσαιμι
675 2457 716 2466 -
733 2422 891 2508 ἐσφάλην,
914 2423 958 2481 id·
974 2424 1032 2498 τὴν
1047 2426 1143 2487 νύκτα
1156 2429 1204 2488 καὶ
1219 2425 1278 2499 τὴν
1294 2425 1410 2512 ἡμέραν

325 2529 434 2608 (saepe
454 2530 616 2608 recurrit.)

364 2634 402 2695 9:
425 2635 463 2700 οὗ
486 2630 741 2700 δοκεῖν-ἁλλὰ
764 2630 853 2722 δρᾶν.
877 2632 933 2692 ll:
957 2629 1193 2709 δυοῖν-ἑνός.
1216 2632 1273 2694 12:
1289 2635 1409 2709 adroic
1488 2630 1492 2636 ’

323 2743 381 2807 οὐκ
408 2738 647 2827 ιἰναιρουμένοις
668 2740 806 2826 αἰσχρὸν
829 2773 854 2782 -
890 2737 976 2804 ἁλλὰ
998 2745 1068 2814 τοῖς
1088 2740 1131 2821 μὴ
1153 2734 1351 2806 ἀποδιδοῦσι·
1368 2774 1409 2782 -

323 2846 379 2909 13:
402 2849 562 2931 ἐπιθυμεῖν
584 2855 715 2912 ποιεῖ-
728 2845 903 2934 ἀποτρέπει·

363 2954 482 3042 πάρισα
504 2954 667 3013 invenias:

363 3060 416 3120 ΑΙ.
438 3057 475 3120 3:
498 3061 561 3146 ἐγὼ
572 3055 786 3124 -ῖν’ἆπο3ὧ
804 3101 831 3115 ··
849 3059 943 3133 οὗτος
965 3054 996 3124 δὲ
1016 3054 1239 3124 ἵν’ἆποδῶται·

363 3163 401 3225 52
432 3167 489 3232 οὐκ
510 3165 550 3232 ἂν
572 3165 774 3252 ἀνασχοίμην
796 3169 898 3240 κακῶς
920 3164 1045 3230 ιἰκούων
1062 3207 1090 3221 ··
1109 3162 1181 3230 οὐδὲ
1202 3162 1285 3249 γ’ἂν
1305 3166 1408 3237 κακῶς

320 3271 468 3358 πάσχων·

362 3376 421 3437 Od.
443 3375 480 3436 4:
503 3376 604 3442 καλόν
625 3381 663 3453 ἦν
684 3376 766 3442 ἑλεῖν
790 3379 827 3442 τὸ
852 3375 956 3442 Ἴλιον
974 3418 1001 3432 ··
1020 3375 1121 3442 καλὸν
1136 3403 1172 3461 γε
1194 3381 1242 3441 καὶ
1256 3377 1293 3441 τὸ
1308 3377 1407 3463 εὑρεῖν

320 3484 356 3548 τὸ
377 3487 492 3549 τούτου
513 3483 625 3548 αἴτιον»

361 3586 397 3647 6:
432 3583 677 3674 οὔθ’ὑφάὑτοῖι
701 3586 794 3676 (χρὴ)
811 3629 839 3644 ··
857 3584 1112 3673 odt‘to'ire'poo
1130 3629 1157 3642 ··
1175 3583 1319 3651 οὐδ’ὖπὸ
1340 3589 1406 3650 τῶν

319 3693 492 3777 πολεμίων·

360 3800 396 3861 9:
418 3804 467 3866 καὶ
489 3801 522 3865 ἐν
544 3800 639 3887 ἡμέρᾳ
657 3841 684 3855 ··
702 3802 751 3863 καὶ
773 3801 806 3865 ἐν
828 3802 1027 3864 νυκτί-καὶ
1042 3799 1124 3886 πρὸς
1140 3798 1194 3864 ἕνα
1212 3841 1239 3855 ··
1257 3799 1404 3886 καὶπρὸς

317 3904 477 3982 πολλοὺς·

351 4082 374 4146 ¹)
410 4083 556 4133 contemsit
572 4083 728 4131 Aristoteles
745 4096 801 4142 eos,
816 4083 860 4144 qui
873 4083 1046 4132 elocutionem
1058 4084 1189 4148 poeticam
1201 4084 1229 4132 in
1240 4083 1402 4133 orationibus

317 4174 422 4238 probari
446 4174 639 4233 existimarent,
665 4173 693 4220 in
720 4187 828 4234 quorum
853 4188 961 4222 numero
981 4173 1089 4235 Gorgias
1105 4175 1168 4224 fuit.
1201 4175 1236 4224 ef.
1254 4175 1327 4225 Rhot.
1345 4176 1401 4237 III,

316 4268 347 4313 2:
371 4278 450 4327 quem
467 4264 554 4314 locum
570 4261 695 4325 descripsi
710 4261 739 4309 in
756 4262 957 4312 Radermachcri
973 4264 1006 4312 de
1023 4265 1257 4314 declamationibus
1278 4265 1401 4328 opinione

315 4353 478 4418 exploranda
493 4367 519 4416 p.
537 4353 592 4402 106.
