3458 5182
847 353 907 416 104

331 554 399 596 esse
429 536 686 595 inconsideratae
719 535 886 596 Benseleri
919 539 1108 613 suspicioni.
1150 536 1340 598 Admonere
1361 540 1416 600 hio

331 659 461 719 quoque
492 642 609 715 velim,
640 644 688 701 uti
714 659 812 718 supra
833 646 869 702 in
891 642 1005 718 figuris
1027 662 1063 703 ao
1084 646 1187 720 tropis
1208 646 1418 720 explorandis

330 747 411 822 feei,
433 747 531 807 verba
552 750 656 824 ipsius
677 748 887 809 Antisthenis
909 750 949 809 ab
964 751 1151 811 auctoribus
1166 753 1294 828 saepius
1305 753 1417 813 minus

329 860 476 915 accurate
498 859 530 913 et
552 872 667 930 parum
688 856 729 914 ad
750 856 889 915 verbum
911 874 979 916 esse
1001 859 1106 916 citata.

372 961 413 1020 In
445 964 638 1022 universum
670 961 710 1020 de
740 961 907 1020 levissimo
934 962 1041 1036 hiatu,
1067 965 1124 1039 qui
1147 981 1176 1022 v.
1200 980 1225 1023 o.
1248 965 1418 1024 invenitur

330 1071 401 1146 post
432 1068 609 1126 articulum
642 1072 713 1143 post
745 1064 778 1133 δέ
808 1067 849 1144 (si
880 1074 936 1151 μὲν
967 1070 1205 1149 praecesserit),
1235 1075 1307 1146 post
1331 1075 1417 1158 περὶ,

329 1182 392 1247 καὶ,
419 1204 461 1247 τι,
495 1177 556 1247 ὅτι,
578 1173 713 1233 difficile
746 1178 794 1234 est
826 1175 915 1234 dictu
945 1177 1030 1235 sitne
1052 1176 1276 1237 admittendus
1298 1195 1415 1251 neone,

330 1299 433 1357 quum
464 1298 522 1355 per
548 1281 720 1340 elisionem
752 1285 808 1339 aut
837 1281 1028 1356 aphaeresin
1050 1285 1106 1341 aut
1127 1284 1233 1341 orasin
1255 1282 1415 1342 facillime

328 1389 425 1445 vitari
462 1386 613 1461 potuerit.
630 1385 656 1463 ¹)
700 1386 878 1460 Quaerens,
912 1387 1033 1464 quibus
1065 1388 1146 1447 locis
1172 1389 1276 1447 insint
1306 1388 1415 1448 hiatus

328 1493 548 1551 necessarium
579 1492 664 1550 mihi
696 1494 806 1552 visum
838 1496 885 1551 est
918 1494 980 1551 tria
1002 1492 1189 1552 hiuloorum
1210 1510 1329 1566 genera
1350 1494 1415 1553 dis-

327 1615 458 1657 cernere
479 1614 522 1656 so.
544 1601 601 1656 aut
622 1597 880 1666 levissimorum,
905 1598 925 1656 i.
943 1615 969 1656 e.
992 1597 1128 1656 elisione
1145 1597 1250 1656 aliave
1269 1598 1414 1673 simplici

326 1703 452 1760 ratione
474 1701 767 1774 eliminandorum‚
790 1706 845 1760 aut
860 1719 974 1760 eorum
991 1703 1048 1777 qui
1060 1702 1149 1760 haud
1160 1702 1258 1761 facile
1271 1706 1414 1780 transpo-

326 1809 445 1866 sitione
472 1808 645 1866 verborum
673 1807 779 1865 aliove
802 1807 900 1865 modo
922 1808 1019 1865 vitari
1043 1813 1178 1883 possunt
1193 1812 1249 1867 aut
1260 1810 1317 1883 qui
1328 1813 1414 1868 certa

326 1913 467 1990 quadam
489 1912 529 1970 de
552 1929 647 1971 eausa
667 1912 832 1971 retinendi
855 1917 941 1971 sunt.

367 2020 407 2077 In
428 2016 621 2091 fragmentis
642 2016 808 2076 invenias:

365 2144 395 2202 p.
418 2122 465 2199 18,
488 2125 528 2184 fr.
551 2122 609 2183 ll:
631 2125 734 2198 κακῶς
756 2119 787 2188 δὲ
808 2122 934 2189 airoino
956 2122 1091 2198 (vitatur
1113 2123 1249 2200 aphri.
1262 2124 1413 2200 utsupra

325 2250 394 2308 pag·
417 2229 481 2309 22)·
503 2249 533 2306 P·
556 2227 609 2302 19,
631 2229 672 2288 fl*-
695 2227 746 2287 162
768 2225 892 2302 ἐξίοντα
914 2228 1076 2304 α’πάὒτῆς.

365 2356 395 2413 Ρ.
417 2335 470 2409 21,
492 2336 532 2394 fr.
547 2333 597 2395 18:
620 2337 649 2400 οἱ
662 2331 693 2400 δὲ
705 2337 737 2400 ἐκ
746 2330 946 2420 βομβυλιοῦ.
959 2353 989 2410 p.
1002 2332 1050 2408 29,
1063 2335 1103 2394 fr.
1116 2333 1168 2395 35:
1189 2337 1247 2399 τόν
1259 2362 1290 2398 τε
1302 2333 1410 2422 ἐ’ρωτα.

363 2462 393 2519 Ρ.
416 2440 470 2515 34,
493 2442 533 2500 fr.
561 2439 621 2501 44:
655 2438 686 2507 δὲ
707 2443 773 2528 οὐχ
794 2444 868 2530 ὁρῶ.
896 2439 973 2517 (bis)
996 2459 1026 2516 p.
1052 2438 1106 2513 52,
1128 2439 1169 2498 fr.
1192 2437 1249 2500 63:
1273 2443 1359 2523 ἡμεῖς
1380 2436 1410 2505 δὲ

327 2550 494 2632 α’κούομευ.

253 2738 261 2745 ¹
363 2673 395 2730 Ρ.
418 2650 615 2728 52,11’.66;
649 2656 697 2717 καὶ
719 2653 754 2716 τὸ
774 2651 858 2716 ἴσον.
888 2669 918 2727 Ρ.
941 2649 995 2720 55,
1017 2651 1058 2708 fr.
1082 2647 1133 2710 75:
1165 2651 1203 2715 τὰ
1226 2652 1281 2732 ἐμὰ
1304 2655 1351 2715 καὶ
1372 2653 1410 2716 τὰ

323 2761 380 2826 οὐκ
402 2761 472 2844 ἐμά,
495 2758 538 2818 id.
561 2765 656 2824 ταῦτα
680 2762 736 2824 ὅτι.

363 2886 393 2943 p.
416 2864 469 2940 58,
502 2866 542 2925 fr.
566 2863 622 2926 82:
656 2867 686 2929 oi
708 2861 738 2929 δὲ
761 2865 828 2928 οὐκ.
869 2881 898 2939 Ρ.
925 2860 981 2937 58,
1003 2863 1044 2921 fr.
1066 2860 1117 2923 86:
1141 2859 1211 2927 οὔτε
1232 2862 1408 2950 ἐλεύθερος.

364 2990 394 3047 p.
417 2969 471 3045 63,
494 2971 535 3030 fr.
559 2968 628 3030 112:
650 2973 699 3035 ἐπὶ
720 2973 780 3034 τίνι
802 2968 851 3035 ἄν.

363 3097 392 3153 p.
416 3075 464 3151 65,
486 3078 526 3149 fr,
550 3073 620 3135 125:
642 3079 665 3141 εἰ
688 3073 719 3141 δὲ
743 3074 937 3163 ἀνθρώποις.

364 3183 426 3255 Qui
451 3201 565 3243 omnes
587 3181 694 3242 hiatus
716 3181 849 3241 elisione
871 3178 927 3256 (δ’,
950 3182 1029 3253 οὐτ’,
1059 3185 1133 3257 oet.)
1155 3179 1251 3238 faoile
1273 3186 1408 3255 possunt

321 3289 422 3350 vitari.

361 3416 391 3472 Ρ.
414 3394 461 3470 18,
483 3397 525 3454 fr·
548 3395 599 3455 141
622 3399 717 3483 Νιρέα
739 3399 790 3471 εἰς.
814 3414 844 3472 Ρ.
868 3392 916 3469 23,
938 3395 980 3454 fr·
993 3393 1045 3454 24:
1066 3395 1143 3459 &adv
1155 3390 1259 3459 οὐδενὶ
1270 3395 1407 3458 ἐοικέναι.

319 3501 363 3562 id.
386 3499 490 3568 οὐδενὶ
512 3500 598 3566 ἔοικε.

360 3626 390 3682 Ρ.
412 3605 460 3681 58,
482 3607 522 3667 fr.
546 3604 597 3667 83:
618 3609 771 3690 τμηθῆναι
793 3604 815 3682 ἣ
836 3603 1112 3692 ἐλλεβορισὲῆναι.

361 3713 459 3772 Haud
491 3711 587 3771 facile
608 3711 643 3770 in
665 3711 753 3771 hisce
775 3710 884 3771 hiatus
905 3711 1000 3771 vitari
1021 3709 1126 3787 potuit
1148 3709 1327 3769 mutatione
1351 3714 1406 3768 aut

318 3819 565 3897 transpositione
587 3820 772 3878 verborum.

359 3946 389 4003 p.
401 3924 448 3999 16,
460 3926 500 3984 fr·
513 3924 544 3983 71
556 3925 653 3989 αὐτοῦ
665 3924 800 4010 ἠράσθη.
813 3941 843 3998 Ρ.
855 3921 893 3984 52
903 3969 910 3995 ‚
922 3923 962 3982 fr.
977 3921 1027 3982 67:
1041 3919 1186 3995 ὀδυνήσει
1201 3921 1405 4008 ἀνθρώπους.

359 4051 389 4108 Ρ.
412 4030 459 4105 62,
482 4026 614 4088 fr·110:
636 4030 674 4095 τὰ
697 4030 773 4094 κακὰ
796 4026 816 4092 ἃ
838 4027 929 4114 ἔχεις.
952 4046 983 4104 Ρ.
1006 4025 1055 4101 52,
1080 4027 1121 4086 fr.
1134 4023 1182 4100 63,
1204 4026 1330 4113 εὐφήμει
1348 4027 1383 4091 ὦ.

349 4284 371 4348 1)
406 4289 439 4338 of.
457 4288 588 4337 Benseler.
606 4288 633 4338 ll.
651 4301 762 4350 prooem.
779 4287 829 4349 p.8
847 4300 884 4348 sq.
899 4313 930 4321 —
947 4285 1049 4332 hiatum
1058 4288 1117 4348 post
1128 4285 1170 4333 sal
1181 4285 1210 4332 in
1219 4285 1338 4345 catalago
1346 4296 1404 4331 meo

315 4376 398 4437 omisi,
415 4392 492 4427 nemo
509 4377 581 4426 enim
597 4377 689 4443 opinor
705 4380 760 4425 tam
771 4378 869 4425 teretes
880 4375 1054 4436 habetatum,
1063 4377 1094 4422 ut
1104 4374 1152 4423 tali
1161 4374 1236 4424 hiatu
1245 4374 1401 4424 offendatur.
