3458 5182
830 363 889 427 108

315 561 385 602 rem
407 560 500 602 suam
521 545 586 618 egit
610 543 901 621 Radermacherus,
927 551 994 606 tam
1008 547 1164 622 sagaciter
1180 547 1231 605 vel
1246 564 1402 606 versuum

317 653 422 724 partes
448 649 501 707 vel
523 650 666 724 integros
688 670 800 712 versus
822 654 1005 728 indagavit,
1028 658 1094 712 tam
1115 657 1188 728 apte
1210 670 1340 730 quoque
1361 651 1402 710 ad

317 771 429 814 versus
455 755 596 815 formam
625 757 678 817 hic
700 757 771 816 illic
793 760 892 819 verba
913 763 1017 817 metro
1038 760 1144 818 soluta
1164 759 1343 830 revocavit,
1365 761 1403 816 ut

317 877 431 935 parum
446 862 553 936 primo
569 862 747 921 abesset-
761 865 903 938 ingenue
919 866 1010 923 enim
1025 862 1200 940 profitebor
1213 896 1254 906 —
1266 863 1349 939 quin
1359 861 1400 921 ab

317 967 469 1025 instituto
483 985 556 1026 meo
572 968 723 1044 delapsus
738 970 951 1029 concederem
971 972 1042 1029 viro
1058 970 1259 1042 doctissimo,
1274 968 1402 1028 abiudi-

317 1071 436 1129 candas
468 1089 536 1131 esse
568 1072 760 1132 Antistheni
783 1074 1035 1134 declamationes
1057 1079 1191 1134 nostras,
1235 1073 1299 1133 Sed
1327 1091 1403 1132 cum

317 1177 417 1234 etiam
437 1181 533 1253 atque
556 1180 655 1238 etiam
677 1197 713 1238 ea
735 1198 799 1257 qua
821 1180 938 1255 dignae
961 1185 1037 1239 sunt
1059 1198 1136 1240 cura
1151 1180 1403 1240 Radermacheri

317 1281 566 1357 disquisitiones
587 1285 847 1360 perpendissem‚
870 1286 1009 1354 rediiad
1025 1305 1087 1346 me.
1132 1286 1265 1344 Etenim
1280 1288 1403 1345 ineerta

317 1386 487 1460 nonnulla,
502 1390 662 1465 quaedam
677 1391 787 1465 dubia,
799 1394 880 1468 quin
896 1395 1007 1451 minus
1023 1396 1110 1451 recte
1125 1393 1225 1450 etiam
1240 1391 1403 1466 disputata

318 1494 353 1551 in
386 1495 456 1550 eius
487 1493 601 1552 libello
632 1496 799 1570 videbam,
825 1503 856 1557 et
878 1516 956 1558 mox
978 1499 1062 1557 mihi
1085 1500 1229 1574 persuasi
1252 1495 1402 1556 11111111-

318 1599 432 1658 tandas
454 1605 609 1676 rationes,
632 1621 714 1681 quae
732 1604 925 1664 Antistheni
940 1605 1109 1664 vindicare
1125 1604 1279 1681 opuscula
1294 1607 1403 1662 nostra

320 1707 487 1780 videntur,
510 1725 625 1783 parum
648 1710 754 1768 valere
776 1712 847 1769 eius
869 1710 1134 1786 disputationem.

360 1813 484 1888 Inesse,
517 1816 544 1872 si
577 1815 630 1872 cui
662 1813 754 1872 lubet
781 1814 842 1879 hoc
864 1816 1048 1887 observare,
1071 1831 1259 1874 numerosas
1281 1819 1402 1889 partes,

317 1920 473 1979 incidisse
505 1919 642 1978 fortuito
674 1921 711 1977 in
743 1922 888 1979 oratione
911 1922 1101 1992 exercitata,
1124 1922 1230 1994 partes
1254 1922 1401 1980 numeris

318 2028 362 2083 ita
384 2025 566 2097 adstrictas,
589 2028 625 2082 ut
647 2027 784 2084 senariis
805 2024 1047 2102 quodammodo
1069 2024 1196 2084 similes
1218 2025 1401 2099 videantur,

318 2149 414 2190 nemo
435 2132 567 2205 negabit
582 2165 621 2174 —-
642 2131 699 2191 sed
722 2134 903 2208 quaeritur,
926 2149 1023 2203 num,
1045 2132 1149 2189 textui
1172 2130 1235 2205 ipsi
1258 2130 1350 2190 nulla
1367 2132 1401 2189 vi

317 2238 414 2297 allata
423 2235 498 2311 (nec
509 2237 686 2296 verborum
699 2236 808 2296 ordini
818 2254 878 2295 nec
887 2237 997 2295 verbis
1006 2236 1112 2314 ipsis),
1122 2236 1202 2295 adeo
1212 2237 1402 2314 frequenter

317 2345 458 2402 trimetri
480 2343 705 2426 suppeditent,
734 2348 770 2401 ut
791 2360 903 2401 revera
925 2361 942 2401 e
963 2344 1084 2416 tragica
1099 2344 1225 2416 origine
1235 2343 1398 2417 explicare

317 2467 370 2509 eas
415 2454 524 2524 poscat
560 2450 661 2507 ratio:
694 2466 770 2506 nam
802 2446 1015 2507 artificiosum
1047 2449 1162 2507 stilum
1195 2449 1401 2523 compositio-

316 2572 457 2630 nemque
469 2554 758 2628 diligentissimam
781 2553 816 2611 id
837 2553 924 2628 apud
946 2561 1108 2626 auctores,
1130 2555 1188 2630 qui
1205 2553 1327 2612 talibus
1349 2555 1400 2612 usi

316 2667 393 2721 sunt
425 2659 585 2732 effecisse,
618 2665 655 2718 ut
686 2661 807 2735 passim
839 2677 1032 2719 numerosae
1064 2661 1099 2718 in
1128 2662 1272 2718 oratione
1295 2663 1401 2734 partes

317 2769 544 2839 inveniantur,
574 2785 640 2825 101
662 2772 709 2826 est
731 2767 819 2842 quod
841 2766 957 2825 dicam.
976 2767 1000 2845 ¹)
1042 2765 1157 2842 Neque
1179 2783 1256 2824 vero
1278 2766 1401 2824 mirum

309 2875 344 2933 'si
368 2876 402 2932 in
424 2873 634 2933 Antisthenis
656 2872 950 2931 declamationibus
971 2872 1102 2929 numeri
1124 2871 1302 2930 abundant.

356 2978 460 3038 Aliud
483 2979 615 3038 accedit.
658 2977 903 3052 Argumentum
922 2987 977 3052 τῆς
991 2974 1104 3042 ὅπλων
1119 2979 1251 3064 κρίσεως
1265 2994 1283 3035 a
1298 2978 1402 3052 poetis

315 3085 447 3158 tragicis
461 3084 487 3160 ²)
528 3082 719 3159 frequenter
751 3087 924 3141 tractatum
958 3086 988 3140 61
1020 3081 1234 3153 celebratum,
1265 3084 1310 3154 ei,
1342 3083 1400 3158 qui

316 3190 421 3249 soluta
432 3191 577 3248 oratione
593 3191 683 3247 idem
698 3195 862 3247 certamen
877 3191 1037 3261 retractat,
1053 3187 1139 3245 ultro
1153 3187 1252 3245 verba
1266 3189 1400 3263 poetica,

316 3296 588 3370 compositionem
619 3295 794 3353 verborum
827 3295 1003 3369 poeticam,
1035 3294 1272 3353 sententiarum
1301 3297 1403 3352 struc-

316 3405 423 3459 turam
444 3406 548 3460 metro
570 3404 712 3476 aptatam
734 3403 769 3459 in
792 3377 938 3459 mentem
960 3405 1104 3473 revocat,
1126 3401 1212 3459 sicut
1234 3417 1269 3458 ea
1291 3400 1402 3457 omnia

316 3506 398 3564 olim
433 3505 523 3564 idem
554 3507 642 3582 apud
674 3509 814 3581 tragicos
847 3508 934 3581 ipsos
967 3506 1097 3580 legerat.
1141 3504 1259 3564 Nonne
1291 3509 1401 3563 autem

315 3609 545 3682 Antisthenes,
585 3629 684 3687 quem
721 3613 981 3670 versatissimum
1017 3610 1120 3670 fuisse
1153 3611 1188 3668 in
1215 3608 1401 3668 Homericis

316 3718 516 3777 carminibus
537 3720 673 3791 scimus,
696 3720 817 3793 pariter
838 3719 977 3790 tragicae
1000 3734 1129 3793 quoque
1150 3733 1261 3774 musae
1281 3715 1401 3774 favisse

316 3824 480 3899 putandus
502 3825 574 3882 est?
617 3823 736 3882 Nonne
758 3841 851 3895 eum,
877 3821 933 3900 qui
955 3795 990 3881 111
1012 3827 1124 3898 poetae
1146 3824 1231 3898 epici
1250 3821 1402 3897 operibus

315 3935 440 3990 tantam
461 3932 595 3990 navavit
616 3948 764 4007 operam,
787 3933 860 3989 tum
876 3948 952 3988 cum
967 3932 1198 4003 argumentum
1208 3931 1402 3986 tractaturus

348 4197 372 4262 1)
406 4199 565 4248 Luculenter
586 4199 619 4246 de
648 4197 719 4246 hisco
744 4197 863 4261 disputat
882 4197 964 4246 Blass.
982 4199 1040 4248 Att.
1061 4196 1184 4246 Beredsk.
1201 4194 1273 4244 etin
1291 4195 1401 4244 adnota-

315 4290 431 4340 tionibus
448 4289 501 4338 suis
517 4289 551 4337 ad
564 4289 780 4347 Demosthenem,
798 4287 990 4350 Antiphontem
1008 4290 1057 4336 cet.
1075 4285 1181 4334 Norden
1194 4285 1234 4344 ll.,
1244 4299 1269 4347 p.
1279 4285 1309 4332 53
1320 4287 1357 4331 nt.
1370 4286 1397 4332 3.

348 4377 371 4442 ²)
406 4378 488 4427 Initio
505 4378 585 4427 huius
601 4378 696 4442 capitis
712 4377 819 4426 nomina
836 4377 945 4443 protuli.
