<?xml version="1.0" encoding="UTF-8"?>
<!DOCTYPE html PUBLIC "-//W3C//DTD XHTML 1.0 Transitional//EN"
    "http://www.w3.org/TR/xhtml1/DTD/xhtml1-transitional.dtd">
<html xmlns="http://www.w3.org/1999/xhtml" xml:lang="en" lang="en">
 <head>
  <title>
</title>
<meta http-equiv="Content-Type" content="text/html;charset=utf-8" />
  <meta name='ocr-system' content='tesseract 3.04.00' />
  <meta name='ocr-capabilities' content='ocr_page ocr_carea ocr_par ocr_line ocrx_word'/>
</head>
<body>
  <div class='ocr_page' id='page_1' title='image "./deantisthenisst00lulogoog_0134.png"; bbox 0 0 3458 5182; ppageno 0'>
   <div class='ocr_carea' id='block_1_1' title="bbox 829 676 888 737">
    <p class='ocr_par' dir='ltr' id='par_1_1' title="bbox 829 676 888 737">
     <span class='ocr_line' id='line_1_1' title="bbox 829 676 888 737; baseline 0.017 -1"><span class='ocrx_word' id='word_1_1' title='bbox 829 676 888 737; x_wconf 93' lang='lat' dir='ltr'>IX.</span> 
     </span>
    </p>
   </div>
   <div class='ocr_carea' id='block_1_2' title="bbox 355 855 811 935">
    <p class='ocr_par' dir='ltr' id='par_1_2' title="bbox 355 855 811 935">
     <span class='ocr_line' id='line_1_2' title="bbox 355 855 811 935; baseline -0.004 -16"><span class='ocrx_word' id='word_1_2' title='bbox 355 859 422 920; x_wconf 82' lang='lat' dir='ltr'>Cic.</span> <span class='ocrx_word' id='word_1_3' title='bbox 443 859 538 918; x_wconf 89' lang='lat' dir='ltr'>Tusc.</span> <span class='ocrx_word' id='word_1_4' title='bbox 560 858 651 935; x_wconf 89' lang='lat' dir='ltr'>Disp.</span> <span class='ocrx_word' id='word_1_5' title='bbox 673 858 712 918; x_wconf 88' lang='lat' dir='ltr'>V.</span> <span class='ocrx_word' id='word_1_6' title='bbox 739 855 811 917; x_wconf 82' lang='lat'>106:</span> 
     </span>
    </p>
   </div>
   <div class='ocr_carea' id='block_1_3' title="bbox 395 990 1403 1182">
    <p class='ocr_par' dir='ltr' id='par_1_3' title="bbox 395 990 1403 1182">
     <span class='ocr_line' id='line_1_3' title="bbox 396 990 1403 1068; baseline 0 -19"><span class='ocrx_word' id='word_1_7' title='bbox 396 1009 495 1068; x_wconf 89' lang='lat' dir='ltr'>quam</span> <span class='ocrx_word' id='word_1_8' title='bbox 538 993 581 1050; x_wconf 91' lang='lat' dir='ltr'>sit</span> <span class='ocrx_word' id='word_1_9' title='bbox 613 1009 649 1050; x_wconf 89' lang='lat' dir='ltr'>ea</span> <span class='ocrx_word' id='word_1_10' title='bbox 681 992 922 1050; x_wconf 82' lang='lat' dir='ltr'>contemnenda</span> <span class='ocrx_word' id='word_1_11' title='bbox 959 990 1166 1068; x_wconf 82' lang='lat' dir='ltr'>sapienti,</span> <span class='ocrx_word' id='word_1_12' title='bbox 1199 992 1297 1068; x_wconf 86' lang='lat' dir='ltr'>paulo</span> <span class='ocrx_word' id='word_1_13' title='bbox 1329 994 1403 1049; x_wconf 91' lang='lat' dir='ltr'>ante</span> 
     </span>
     <span class='ocr_line' id='line_1_4' title="bbox 395 1121 599 1182; baseline -0.005 -1"><span class='ocrx_word' id='word_1_14' title='bbox 395 1121 599 1182; x_wconf 82' lang='lat' dir='ltr'>dictumest.</span> 
     </span>
    </p>
   </div>
   <div class='ocr_carea' id='block_1_4' title="bbox 354 1249 1057 1330">
    <p class='ocr_par' dir='ltr' id='par_1_4' title="bbox 354 1249 1057 1330">
     <span class='ocr_line' id='line_1_5' title="bbox 354 1249 1057 1330; baseline 0.003 -19"><span class='ocrx_word' id='word_1_15' title='bbox 354 1253 526 1312; x_wconf 77' lang='lat' dir='ltr'>Assentior</span> <span class='ocrx_word' id='word_1_16' title='bbox 547 1249 669 1312; x_wconf 90' lang='lat' dir='ltr'>Heinio</span> <span class='ocrx_word' id='word_1_17' title='bbox 691 1255 885 1328; x_wconf 78' lang='lat' dir='ltr'>corrigenti:</span> <span class='ocrx_word' id='word_1_18' title='bbox 907 1254 1057 1330; x_wconf 79' lang='lat' dir='ltr'>sapienti.</span> 
     </span>
    </p>
   </div>
   <div class='ocr_carea' id='block_1_5' title="bbox 787 1465 880 1527">
    <p class='ocr_par' dir='ltr' id='par_1_5' title="bbox 787 1465 880 1527">
     <span class='ocr_line' id='line_1_6' title="bbox 787 1465 880 1527; baseline 0.011 -1"><span class='ocrx_word' id='word_1_19' title='bbox 787 1465 880 1527; x_wconf 92' lang='lat' dir='ltr'>.X.</span> 
     </span>
    </p>
   </div>
   <div class='ocr_carea' id='block_1_6' title="bbox 358 1646 1404 1726">
    <p class='ocr_par' dir='ltr' id='par_1_6' title="bbox 358 1646 1404 1726">
     <span class='ocr_line' id='line_1_7' title="bbox 358 1646 1404 1726; baseline 0.002 -20"><span class='ocrx_word' id='word_1_20' title='bbox 358 1646 391 1706; x_wconf 86' lang='lat' dir='ltr'>Si</span> <span class='ocrx_word' id='word_1_21' title='bbox 422 1650 497 1725; x_wconf 91' lang='lat' dir='ltr'>quis</span> <span class='ocrx_word' id='word_1_22' title='bbox 523 1648 605 1726; x_wconf 89' lang='lat' dir='ltr'>quid</span> <span class='ocrx_word' id='word_1_23' title='bbox 631 1648 786 1707; x_wconf 89' lang='lat' dir='ltr'>adversus</span> <span class='ocrx_word' id='word_1_24' title='bbox 815 1649 903 1723; x_wconf 83' lang='lat' dir='ltr'>leges</span> <span class='ocrx_word' id='word_1_25' title='bbox 929 1653 1065 1708; x_wconf 84' lang='lat' dir='ltr'>sacratas</span> <span class='ocrx_word' id='word_1_26' title='bbox 1090 1649 1236 1720; x_wconf 79' lang='lat' dir='ltr'>fecisset,</span> <span class='ocrx_word' id='word_1_27' title='bbox 1257 1649 1404 1708; x_wconf 88' lang='lat' dir='ltr'>occidere</span> 
     </span>
    </p>
   </div>
   <div class='ocr_carea' id='block_1_7' title="bbox 319 1779 1405 1855">
    <p class='ocr_par' dir='ltr' id='par_1_7' title="bbox 319 1779 1405 1855">
     <span class='ocr_line' id='line_1_8' title="bbox 319 1779 1405 1855; baseline 0.002 -18"><span class='ocrx_word' id='word_1_28' title='bbox 319 1796 394 1837; x_wconf 89' lang='lat' dir='ltr'>eum</span> <span class='ocrx_word' id='word_1_29' title='bbox 417 1797 484 1838; x_wconf 91' lang='lat' dir='ltr'>non</span> <span class='ocrx_word' id='word_1_30' title='bbox 500 1779 632 1852; x_wconf 86' lang='lat' dir='ltr'>licebat,</span> <span class='ocrx_word' id='word_1_31' title='bbox 647 1782 822 1855; x_wconf 87' lang='lat' dir='ltr'>antequam</span> <span class='ocrx_word' id='word_1_32' title='bbox 837 1779 1035 1838; x_wconf 88' lang='lat' dir='ltr'>consecratio</span> <span class='ocrx_word' id='word_1_33' title='bbox 1047 1780 1162 1854; x_wconf 89' lang='lat' dir='ltr'>capitis</span> <span class='ocrx_word' id='word_1_34' title='bbox 1173 1780 1405 1854; x_wconf 86' lang='lat' dir='ltr'>praecessisset.</span> 
     </span>
    </p>
   </div>
   <div class='ocr_carea' id='block_1_8' title="bbox 819 2069 888 2151">
    <p class='ocr_par' dir='ltr' id='par_1_8' title="bbox 819 2069 888 2151">
     <span class='ocr_line' id='line_1_9' title="bbox 819 2069 888 2151; baseline 0.029 -22"><span class='ocrx_word' id='word_1_35' title='bbox 819 2069 888 2151; x_wconf 81' lang='lat' dir='ltr'>¹m.</span> 
     </span>
    </p>
   </div>
   <div class='ocr_carea' id='block_1_9' title="bbox 321 2305 1405 2515">
    <p class='ocr_par' dir='ltr' id='par_1_9' title="bbox 321 2305 1405 2515">
     <span class='ocr_line' id='line_1_10' title="bbox 362 2305 1404 2387; baseline 0.002 -21"><span class='ocrx_word' id='word_1_36' title='bbox 362 2309 491 2368; x_wconf 87' lang='lat' dir='ltr'>Iniuria</span> <span class='ocrx_word' id='word_1_37' title='bbox 512 2311 666 2386; x_wconf 89' lang='lat' dir='ltr'>opinatur</span> <span class='ocrx_word' id='word_1_38' title='bbox 688 2308 837 2385; x_wconf 85' lang='lat' dir='ltr'>Droysen</span> <span class='ocrx_word' id='word_1_39' title='bbox 860 2307 990 2387; x_wconf 84' lang='lat' dir='ltr'>(Gesch.</span> <span class='ocrx_word' id='word_1_40' title='bbox 1013 2310 1044 2369; x_wconf 90' lang='lat' dir='ltr'>d.</span> <span class='ocrx_word' id='word_1_41' title='bbox 1066 2309 1197 2370; x_wconf 91' lang='lat' dir='ltr'>Hellen.</span> <span class='ocrx_word' id='word_1_42' title='bbox 1220 2309 1246 2369; x_wconf 93' lang='lat' dir='ltr'>I.</span> <span class='ocrx_word' id='word_1_43' title='bbox 1268 2327 1299 2385; x_wconf 93' lang='lat' dir='ltr'>p.</span> <span class='ocrx_word' id='word_1_44' title='bbox 1319 2305 1404 2385; x_wconf 84' lang='lat'>395.)</span> 
     </span>
     <span class='ocr_line' id='line_1_11' title="bbox 321 2438 1405 2515; baseline 0.001 -17"><span class='ocrx_word' id='word_1_45' title='bbox 321 2441 466 2499; x_wconf 79' lang='lat' dir='ltr'>oarmtna</span> <span class='ocrx_word' id='word_1_46' title='bbox 496 2441 635 2515; x_wconf 89' lang='lat' dir='ltr'>satyrica</span> <span class='ocrx_word' id='word_1_47' title='bbox 660 2441 747 2515; x_wconf 89' lang='lat' dir='ltr'>apud</span> <span class='ocrx_word' id='word_1_48' title='bbox 777 2441 991 2501; x_wconf 89' lang='lat' dir='ltr'>Plutarchum</span> <span class='ocrx_word' id='word_1_49' title='bbox 1011 2440 1078 2501; x_wconf 88' lang='lat' dir='ltr'>Vit.</span> <span class='ocrx_word' id='word_1_50' title='bbox 1100 2441 1195 2501; x_wconf 85' lang='lat' dir='ltr'>Alex.</span> <span class='ocrx_word' id='word_1_51' title='bbox 1218 2438 1266 2501; x_wconf 88' lang='grc'>50.</span> <span class='ocrx_word' id='word_1_52' title='bbox 1288 2438 1316 2500; x_wconf 87' lang='grc'>4.</span> <span class='ocrx_word' id='word_1_53' title='bbox 1338 2459 1405 2500; x_wconf 87' lang='lat' dir='ltr'>me-</span> 
     </span>
    </p>
   </div>
   <div class='ocr_carea' id='block_1_10' title="bbox 318 2570 1058 2648">
    <p class='ocr_par' dir='ltr' id='par_1_10' title="bbox 318 2570 1058 2648">
     <span class='ocr_line' id='line_1_12' title="bbox 318 2570 1058 2648; baseline 0.003 -18"><span class='ocrx_word' id='word_1_54' title='bbox 318 2575 456 2644; x_wconf 90' lang='lat' dir='ltr'>morata,</span> <span class='ocrx_word' id='word_1_55' title='bbox 479 2575 622 2647; x_wconf 88' lang='lat' dir='ltr'>spectare</span> <span class='ocrx_word' id='word_1_56' title='bbox 644 2571 684 2631; x_wconf 89' lang='lat' dir='ltr'>ad</span> <span class='ocrx_word' id='word_1_57' title='bbox 707 2570 900 2648; x_wconf 87' lang='lat' dir='ltr'>Zopyrionis</span> <span class='ocrx_word' id='word_1_58' title='bbox 921 2574 1058 2632; x_wconf 84' lang='lat' dir='ltr'>exitum.</span> 
     </span>
    </p>
   </div>
   <div class='ocr_carea' id='block_1_11' title="bbox 826 2782 905 2844">
    <p class='ocr_par' dir='ltr' id='par_1_11' title="bbox 826 2782 905 2844">
     <span class='ocr_line' id='line_1_13' title="bbox 826 2782 905 2844; baseline 0 0"><span class='ocrx_word' id='word_1_59' title='bbox 826 2782 905 2844; x_wconf 92' lang='lat' dir='ltr'>XII.</span> 
     </span>
    </p>
   </div>
   <div class='ocr_carea' id='block_1_12' title="bbox 357 2962 1405 3183">
    <p class='ocr_par' dir='ltr' id='par_1_12' title="bbox 357 2962 1405 3183">
     <span class='ocr_line' id='line_1_14' title="bbox 357 2962 743 3024; baseline 0.003 -1"><span class='ocrx_word' id='word_1_60' title='bbox 357 2963 450 3024; x_wconf 91' lang='lat' dir='ltr'>Diod.</span> <span class='ocrx_word' id='word_1_61' title='bbox 475 2963 541 3024; x_wconf 77' lang='lat' dir='ltr'>Sic.</span> <span class='ocrx_word' id='word_1_62' title='bbox 562 2962 672 3023; x_wconf 88' lang='lat' dir='ltr'>XVII.</span> <span class='ocrx_word' id='word_1_63' title='bbox 695 2962 743 3024; x_wconf 88' lang='grc'>65.</span> 
     </span>
     <span class='ocr_line' id='line_1_15' title="bbox 397 3090 1405 3183; baseline 0 -23"><span class='ocrx_word' id='word_1_64' title='bbox 397 3129 438 3139; x_wconf 91' lang='grc'>·-</span> <span class='ocrx_word' id='word_1_65' title='bbox 458 3097 490 3160; x_wconf 78' lang='grc' dir='ltr'>ἐκ</span> <span class='ocrx_word' id='word_1_66' title='bbox 522 3090 553 3160; x_wconf 71' lang='grc' dir='ltr'>δὲ</span> <span class='ocrx_word' id='word_1_67' title='bbox 588 3092 716 3183; x_wconf 77' lang='grc' dir='ltr'>θρᾴκης</span> <span class='ocrx_word' id='word_1_68' title='bbox 737 3098 840 3171; x_wconf 80' lang='grc' dir='ltr'>ἶππεις</span> <span class='ocrx_word' id='word_1_69' title='bbox 865 3100 921 3179; x_wconf 79' lang='grc' dir='ltr'>μὲν</span> <span class='ocrx_word' id='word_1_70' title='bbox 949 3092 1118 3169; x_wconf 69' lang='grc' dir='ltr'>ἑξακόσιοι,</span> <span class='ocrx_word' id='word_1_71' title='bbox 1151 3094 1346 3183; x_wconf 79' lang='grc' dir='ltr'>Τραλλεῖς</span> <span class='ocrx_word' id='word_1_72' title='bbox 1374 3091 1405 3161; x_wconf 73' lang='grc' dir='ltr'>δὲ</span> 
     </span>
    </p>
   </div>
   <div class='ocr_carea' id='block_1_13' title="bbox 459 3224 939 3314">
    <p class='ocr_par' dir='ltr' id='par_1_13' title="bbox 459 3224 939 3314">
     <span class='ocr_line' id='line_1_16' title="bbox 459 3224 939 3314; baseline 0.004 -24"><span class='ocrx_word' id='word_1_73' title='bbox 459 3224 633 3313; x_wconf 77' lang='grc' dir='ltr'>τρισχίλιοι</span> <span class='ocrx_word' id='word_1_74' title='bbox 654 3229 703 3292; x_wconf 72' lang='grc' dir='ltr'>καὶ</span> <span class='ocrx_word' id='word_1_75' title='bbox 725 3228 939 3314; x_wconf 72' lang='grc' dir='ltr'>πεντακόσιοι,</span> 
     </span>
    </p>
   </div>
   <div class='ocr_carea' id='block_1_14' title="bbox 357 3354 1011 3442">
    <p class='ocr_par' dir='ltr' id='par_1_14' title="bbox 357 3354 1011 3442">
     <span class='ocr_line' id='line_1_17' title="bbox 357 3354 1011 3442; baseline -0.002 -21"><span class='ocrx_word' id='word_1_76' title='bbox 357 3355 442 3429; x_wconf 72' lang='lat' dir='ltr'>Lege</span> <span class='ocrx_word' id='word_1_77' title='bbox 464 3373 522 3431; x_wconf 82' lang='lat' dir='ltr'>pr0</span> <span class='ocrx_word' id='word_1_78' title='bbox 545 3354 720 3442; x_wconf 67' lang='grc' dir='ltr'>Τραλλεῖςε</span> <span class='ocrx_word' id='word_1_79' title='bbox 742 3355 914 3421; x_wconf 77' lang='grc' dir='ltr'>πελτασταὶ</span> <span class='ocrx_word' id='word_1_80' title='bbox 923 3399 1011 3414; x_wconf 83' lang='lat'><strong>·····</strong></span> 
     </span>
    </p>
   </div>
   <div class='ocr_carea' id='block_1_15' title="bbox 809 3566 908 3626">
    <p class='ocr_par' dir='ltr' id='par_1_15' title="bbox 809 3566 908 3626">
     <span class='ocr_line' id='line_1_18' title="bbox 809 3566 908 3626; baseline 0.01 -1"><span class='ocrx_word' id='word_1_81' title='bbox 809 3566 908 3626; x_wconf 88' lang='lat' dir='ltr'>XIII.</span> 
     </span>
    </p>
   </div>
   <div class='ocr_carea' id='block_1_16' title="bbox 359 3746 1404 3813">
    <p class='ocr_par' dir='ltr' id='par_1_16' title="bbox 359 3746 1404 3813">
     <span class='ocr_line' id='line_1_19' title="bbox 359 3746 1404 3813; baseline 0.005 -7"><span class='ocrx_word' id='word_1_82' title='bbox 359 3749 451 3808; x_wconf 89' lang='lat' dir='ltr'>Idem</span> <span class='ocrx_word' id='word_1_83' title='bbox 475 3767 512 3808; x_wconf 92' lang='lat' dir='ltr'>ao</span> <span class='ocrx_word' id='word_1_84' title='bbox 535 3747 706 3808; x_wconf 83' lang='lat' dir='ltr'>Platonem</span> <span class='ocrx_word' id='word_1_85' title='bbox 728 3746 962 3808; x_wconf 87' lang='lat' dir='ltr'>Antisthenem</span> <span class='ocrx_word' id='word_1_86' title='bbox 985 3752 1084 3810; x_wconf 87' lang='lat' dir='ltr'>etiem</span> <span class='ocrx_word' id='word_1_87' title='bbox 1099 3754 1248 3813; x_wconf 84' lang='lat' dir='ltr'>statuisse</span> <span class='ocrx_word' id='word_1_88' title='bbox 1263 3753 1304 3812; x_wconf 89' lang='lat' dir='ltr'>de</span> <span class='ocrx_word' id='word_1_89' title='bbox 1319 3770 1404 3812; x_wconf 90' lang='lat' dir='ltr'>oom-</span> 
     </span>
    </p>
   </div>
   <div class='ocr_carea' id='block_1_17' title="bbox 318 3880 1267 3955">
    <p class='ocr_par' dir='ltr' id='par_1_17' title="bbox 318 3880 1267 3955">
     <span class='ocr_line' id='line_1_20' title="bbox 318 3880 1267 3955; baseline 0.006 -19"><span class='ocrx_word' id='word_1_90' title='bbox 318 3881 478 3940; x_wconf 91' lang='lat' dir='ltr'>munibus</span> <span class='ocrx_word' id='word_1_91' title='bbox 500 3881 721 3940; x_wconf 87' lang='lat' dir='ltr'>matrimoniis</span> <span class='ocrx_word' id='word_1_92' title='bbox 742 3883 829 3939; x_wconf 86' lang='lat' dir='ltr'>recte</span> <span class='ocrx_word' id='word_1_93' title='bbox 851 3881 1004 3955; x_wconf 87' lang='lat' dir='ltr'>opinatur</span> <span class='ocrx_word' id='word_1_94' title='bbox 1025 3880 1267 3942; x_wconf 81' lang='lat' dir='ltr'>Duemmlerus.</span> 
     </span>
    </p>
   </div>
   <div class='ocr_carea' id='block_1_18' title="bbox 813 4088 904 4150">
    <p class='ocr_par' dir='ltr' id='par_1_18' title="bbox 813 4088 904 4150">
     <span class='ocr_line' id='line_1_21' title="bbox 813 4088 904 4150; baseline 0.011 -1"><span class='ocrx_word' id='word_1_95' title='bbox 813 4088 904 4150; x_wconf 88' lang='lat' dir='ltr'>XIV.</span> 
     </span>
    </p>
   </div>
   <div class='ocr_carea' id='block_1_19' title="bbox 359 4269 1404 4336">
    <p class='ocr_par' dir='ltr' id='par_1_19' title="bbox 359 4269 1404 4336">
     <span class='ocr_line' id='line_1_22' title="bbox 359 4269 1404 4336; baseline 0.006 -8"><span class='ocrx_word' id='word_1_96' title='bbox 359 4269 487 4329; x_wconf 89' lang='lat' dir='ltr'>Iniuria</span> <span class='ocrx_word' id='word_1_97' title='bbox 509 4270 551 4331; x_wconf 93' lang='lat' dir='ltr'>H.</span> <span class='ocrx_word' id='word_1_98' title='bbox 573 4270 723 4332; x_wconf 88' lang='lat' dir='ltr'>Dettmer</span> <span class='ocrx_word' id='word_1_99' title='bbox 744 4272 874 4333; x_wconf 86' lang='lat' dir='ltr'>dubitat</span> <span class='ocrx_word' id='word_1_100' title='bbox 895 4291 983 4334; x_wconf 88' lang='lat' dir='ltr'>aram</span> <span class='ocrx_word' id='word_1_101' title='bbox 1005 4273 1160 4334; x_wconf 87' lang='lat' dir='ltr'>Herculis</span> <span class='ocrx_word' id='word_1_102' title='bbox 1180 4276 1280 4334; x_wconf 88' lang='lat' dir='ltr'>etiam</span> <span class='ocrx_word' id='word_1_103' title='bbox 1301 4275 1404 4336; x_wconf 83' lang='lat' dir='ltr'>fuisse</span> 
     </span>
    </p>
   </div>
   <div class='ocr_carea' id='block_1_20' title="bbox 316 4400 558 4462">
    <p class='ocr_par' dir='ltr' id='par_1_20' title="bbox 316 4400 558 4462">
     <span class='ocr_line' id='line_1_23' title="bbox 316 4400 558 4462; baseline 0.008 -2"><span class='ocrx_word' id='word_1_104' title='bbox 316 4403 352 4460; x_wconf 93' lang='lat' dir='ltr'>in</span> <span class='ocrx_word' id='word_1_105' title='bbox 373 4400 558 4462; x_wconf 85' lang='lat' dir='ltr'>Academia.</span> 
     </span>
    </p>
   </div>
   <div class='ocr_carea' id='block_1_21' title="bbox 0 0 1735 5182">
    <p class='ocr_par' dir='ltr' id='par_1_21' title="bbox 0 0 1735 5182">
     <span class='ocr_line' id='line_1_24' title="bbox 0 0 1735 5182; baseline 0 0"><span class='ocrx_word' id='word_1_106' title='bbox 0 0 1735 5182; x_wconf 95' lang='lat' dir='ltr'> </span> 
     </span>
    </p>
   </div>
  </div>
 </body>
</html>
