3458 5182
842 374 880 439 52

317 533 469 611 proponit
500 536 750 622 τερατοσκόπου,
782 536 882 611 idque
908 534 1046 609 jungere
1067 533 1152 594 velle
1174 535 1308 593 videtur
1329 550 1405 592 cum

317 640 523 718 praecedenti
544 642 584 700 de
608 640 783 700 Calchante
808 640 917 711 titulo;
933 642 1022 718 quod
1044 642 1128 700 mihi
1146 641 1405 716 eximieplacere

317 747 430 806 fateor.
469 745 631 805 Novimus
666 746 755 805 enim
790 746 1024 805 Antisthenem
1059 752 1185 823 praeter
1215 746 1405 821 religionem

318 870 544 925 communem,
566 851 720 911 vaticinia
735 857 884 930 artesque
900 852 1070 912 divinandi
1087 851 1272 928 despexisse
1287 850 1406 927 pariter

317 977 353 1018 ac
365 977 419 1017 eos
431 957 487 1034 qui
496 976 532 1017 ea
541 958 847 1033 interpretabantur,
859 957 1053 1034 haruspices.
1066 959 1091 1037 ¹)
1101 958 1236 1018 Artibus
1248 957 1406 1020 eiusmodi

318 1065 534 1125 excellentem
555 1083 629 1140 prae
652 1064 803 1125 omnibus
825 1064 1036 1124 Calchantem
1058 1051 1227 1139 descripsit
1242 1063 1406 1123 Homerus

317 1206 358 1214 —
378 1169 585 1230 notissimum
610 1169 694 1228 illud
716 1168 902 1230 Calchantis
924 1171 1114 1246 exemplum
1135 1170 1272 1229 fortasse
1294 1185 1405 1227 ansam

319 1275 466 1352 praebuit
487 1273 678 1334 Antistheni
702 1276 742 1334 ad
765 1276 1070 1350 reprehendendam
1092 1279 1204 1334 vatum
1228 1291 1405 1349 eorumque

319 1379 623 1458 interpretationum
648 1379 747 1438 fidem
758 1381 795 1459 ²).

438 1485 487 1548 45.
510 1520 550 1528 -
592 1491 661 1574 περὶ
683 1483 812 1562 ἡδονῆς·
834 1520 875 1528 -

360 1594 408 1652 De
430 1597 622 1667 argumento
644 1609 773 1651 summa
795 1591 880 1650 inter
900 1611 930 1651 r.
947 1593 977 1652 d.
994 1591 1149 1651 dissensio
1165 1597 1222 1652 est.
1249 1591 1406 1668 Displicet

320 1697 441 1760 Osanni
473 1701 671 1770 coniectura,
705 1701 763 1775 qui
796 1695 913 1774 ἡδοοῆς
939 1700 1060 1757 mutari
1083 1700 1178 1758 iussit
1200 1700 1234 1757 in
1257 1697 1406 1773 Ἑλένης,

318 1804 513 1882 junxitque,
536 1805 696 1880 particula
717 1803 736 1878 ἢ
758 1803 886 1878 inserta,
909 1823 984 1863 cum
1007 1805 1104 1864 titulo
1115 1809 1185 1893 τεαὶ
1206 1807 1406 1870 κατασκόπου

318 1910 379 1982 ita,
406 1916 442 1968 ut
463 1909 646 1984 speculator
660 1909 717 1967 ille
729 1907 967 1983 intelligeretur
978 1909 1101 1982 Ulixes,
1115 1928 1179 1986 quo
1193 1910 1407 1985 respiceretur

319 2015 377 2075 Od.
408 2015 454 2074 IV
470 2014 525 2074 ubi
547 2014 681 2088 „Ulixes
709 2014 794 2073 intra
821 2014 907 2091 ipsos
936 2034 1045 2076 muros
1072 2016 1188 2091 Trojae
1220 2016 1405 2092 pervenisse

318 2121 426 2198 ibique
447 2122 487 2181 ab
511 2120 637 2180 Helena
658 2120 786 2195 agnitus
801 2139 859 2196 per
873 2121 1045 2181 Hecubam
1065 2128 1210 2182 servatus
1233 2140 1301 2183 esse
1322 2117 1405 2180 tere-

318 2227 443 2289 hatur.’'
477 2227 597 2286 Parum
628 2227 717 2286 favet
748 2228 826 2286 huic
859 2228 1078 2303 conjecturae,
1105 2230 1194 2304 quod
1215 2228 1250 2288 in
1272 2227 1406 2305 reliquis

317 2333 421 2395 titulis
448 2333 633 2408 duplicibus
665 2333 828 2409 praecedit
860 2351 982 2394 nomen
1013 2334 1179 2410 proprium
1210 2335 1252 2394 cf.
1275 2334 1328 2407 2l,
1351 2333 1404 2408 22,

318 2439 373 2514 26,
396 2439 435 2502 58
457 2444 527 2515 cet,
549 2459 644 2517 porro
667 2440 805 2500 dubium
827 2446 889 2513 est,
905 2439 1078 2515 agnitusne
1092 2439 1207 2502 Ulixes
1221 2441 1261 2499 ab
1278 2440 1405 2499 Helena

318 2553 427 2623 aptam
455 2549 509 2606 det
536 2547 703 2607 materiem
731 2549 772 2606 ad
794 2546 1106 2624 philosophandum;
1129 2546 1271 2624 denique
1293 2547 1406 2606 fabula

318 2653 378 2713 ista
406 2671 465 2712 nos
492 2652 582 2712 ducit
603 2655 644 2712 ad
671 2653 862 2728 Odysseam,
885 2652 977 2712 cuius
999 2651 1151 2713 historiae
1174 2652 1285 2728 ἔνατος
1306 2654 1405 2736 τόμος

318 2758 396 2817 facit
417 2757 558 2818 initium.

360 2970 400 3028 In
422 2988 509 3030 nono
530 2972 700 3031 volumine
722 2990 818 3048 opera
845 2973 886 3032 ad
908 2971 1086 3046 Odysseam
1101 2974 1299 3048 pertinentia
1314 2976 1405 3032 inve-

318 3076 471 3149 niuntur,
502 3079 542 3137 de
574 3079 695 3155 quibus
726 3081 848 3137 maiore
874 3079 970 3153 paulo
1002 3078 1230 3153 probabilitate
1262 3078 1404 3137 divinari

319 3180 414 3241 nobis
449 3183 526 3240 licet
556 3188 622 3243 tam
655 3189 786 3259 propter
817 3172 964 3258 duplices
996 3184 1110 3243 titulos
1144 3202 1243 3260 quam
1275 3189 1406 3261 propter

318 3288 453 3345 nomina
474 3290 613 3363 propria.

360 3390 454 3461 Quod
485 3397 575 3452 tanto
607 3394 710 3467 magis
741 3397 933 3468 argumenta
962 3412 1003 3452 ex
1025 3392 1168 3468 Odyssea
1189 3398 1319 3470 sumpta
1339 3395 1405 3469 pla·

321 3504 459 3558 cuerunt
481 3499 674 3559 Antistheni
690 3501 724 3558 id
736 3517 833 3558 nemo
842 3499 987 3574 profecto
999 3500 1182 3558 mirabitur.
1209 3499 1294 3558 Nam
1309 3517 1405 3558 nemo

282 3665 285 3675 ,
320 3607 438 3665 melius
464 3607 653 3681 exemplum
675 3611 707 3664 et
728 3624 858 3664 morum
880 3611 911 3663 et
933 3607 1110 3680 sapientiae
1135 3606 1285 3681 praebuit
1307 3624 1405 3682 quam

322 3709 446 3783 Ulixes,
467 3729 628 3788 nusquam
656 3709 835 3786 simplicius
857 3729 955 3788 quam
968 3713 1003 3768 in
1022 3711 1165 3786 Odyssea
1176 3718 1208 3770 et
1222 3710 1406 3772 evidentius

320 4027 367 4085 ost,
384 4025 452 4073 libro
466 4027 508 4073 59⁰
526 4024 607 4088 κύριοι
619 4025 698 4075 titulo
709 4027 795 4075 denuo
807 4027 911 4087 verberi
929 4026 1128 4077 certiorarer
1145 4026 1207 4074 addi
1224 4027 1407 4090 explicationis

320 4129 408 4174 causa,
419 4117 488 4162 inter
495 4129 558 4177 quos
566 4117 743 4180 speculatores
752 4116 840 4165 omitti
851 4118 978 4166 Dolonem
987 4117 1117 4165 famosum
1126 4117 1197 4165 haud
1207 4118 1348 4167 verisimile
1357 4122 1405 4167 est.

353 4202 375 4264 l)
393 4204 427 4253 ct.
445 4204 499 4253 Cic.
516 4206 549 4253 de
566 4206 626 4255 Nat.
645 4207 706 4255 Deo.
725 4206 746 4255 I.
765 4209 802 4256 13.
821 4234 851 4244 —
869 4207 953 4255 Zeller
970 4207 1006 4265 ΙΙ,
1023 4221 1048 4268 p.
1066 4207 1122 4257 330.

352 4291 376 4356 ²)
396 4294 471 4356 Diog.
488 4294 575 4346 Laert.
594 4296 638 4344 VI.
655 4297 678 4344 4.
697 4323 727 4332 —
744 4298 775 4343 24
795 4297 841 4360 (de
861 4296 997 4357 Diogene).
1017 4309 1051 4330 ¹-
1069 4295 1210 4358 Chappuis.
1229 4295 1257 4344 11.
1274 4309 1300 4359 p.
1319 4297 1357 4345 11.
1375 4323 1407 4332 -

319 4385 377 4433 Joel
394 4400 419 4449 p.
436 4387 492 4447 486,
509 4389 549 4434 nt.
566 4388 589 4435 2.
