3458 5182
863 329 900 398 66

336 513 366 586 δὲ
403 517 494 586 οὐδὲν
530 518 570 586 άν
601 519 706 610 λάθρα
736 518 925 603 τολμήσαιμι
951 517 1077 608 πρᾶξαι·
1111 520 1200 607 κάγώ
1228 525 1284 603 μὲν
1305 517 1360 584 ούκ
1383 516 1422 583 ἂν

335 625 535 713 ἀνασχοίμην
558 630 661 702 κακῶς
684 625 822 698 ιἰκούιυυ,
844 622 916 691 οὐδὲ
942 621 1018 713 γ’άυ
1044 631 1147 703 κακῶς
1169 627 1318 713 πάσχων,
1343 630 1361 690 ὁ
1390 621 1421 690 δὲ

291 732 319 812 ⁶)
334 731 392 798 κᾶν
414 734 614 820 κρεμάμενος,
639 736 662 797 εἱ
686 729 857 820 κερδαίνειν
878 760 906 797 τι
927 732 1056 815 μέλλοι·
1080 737 1170 809 ὅστις
1192 762 1229 820 γε
1244 739 1422 819 μαστιγοῦν
1483 755 1485 758 ⁴

333 846 463 926 παρεῖχε
484 847 553 914 τοῖς
577 835 709 914 δούλοις
732 843 780 903 καὶ
802 843 928 904 τύπτειν
941 835 1054 913 ξύλοις
1066 839 1104 903 τὰ
1119 843 1202 903 νῶτα
1222 844 1270 904 καὶ
1282 846 1422 925 πυγμαῖς

333 947 368 1009 τὸ
396 946 583 1032 πρόσωπον,
613 943 741 1010 κάπειτα
764 941 1024 1030 περιβαλόμενος
1048 943 1140 1030 ῥάκη,
1164 955 1219 1019 τῆς
1243 946 1356 1020 νυκτὸς
1378 948 1422 1020 εἷς

333 1052 369 1114 τὸ
397 1059 505 1137 τεῖχος
534 1046 638 1125 εἰσδὺς
665 1056 730 1116 τῶν
758 1049 937 1131 πολεμίων,
967 1050 1176 1136 ἱεροσυλήσας
1206 1049 1340 1126 ἀπῆλθε·
1373 1055 1421 1115 καὶ

333 1162 429 1220 ταῦτα
468 1153 660 1240 ὁμολογήσει
693 1164 808 1227 ποιεῖν,
846 1154 927 1230 ἴσως
969 1152 999 1220 δὲ
1034 1161 1081 1220 καὶ
1111 1160 1209 1222 πείσει
1242 1155 1346 1233 λε’γων
1377 1159 1422 1233 ὡς

336 1260 443 1337 καλῶς
464 1263 644 1344 πέπρακται·
678 1261 779 1327 ἔπειτα
800 1265 864 1326 τῶν
884 1260 1066 1349 Ἀχιλλέως
1092 1262 1206 1328 ὅπλων
1229 1258 1282 1327 ide
1305 1266 1323 1326 ὁ
1345 1292 1422 1345 μασ·

334 1371 438 1455 τιγίας
460 1371 508 1432 καὶ
530 1366 700 1455 ἱερόσυλος
722 1364 806 1439 άξιοῖ
828 1374 996 1454 κρατήσαι;

369 1557 451 1611 κακῶς
468 1552 569 1602 ἀκούων
580 1552 636 1602 οὐδὲ
647 1553 697 1617 γὰρ
709 1549 802 1617 (γ’ἂυ)
815 1554 924 1616 πάσχων
936 1557 1028 1614 κακῶς,
1044 1568 1134 1602 versus
1144 1557 1184 1602 est
1195 1555 1324 1615 senarius,
1342 1555 1376 1603 cf.
1387 1555 1422 1603 ad

337 1640 385 1690 od.
402 1643 425 1702 9,
444 1641 523 1690 Blass.
540 1641 580 1690 ed.
598 1641 625 1688 Π
644 1641 691 1703 (cf.
708 1640 779 1688 inira
796 1645 884 1703 caput.
902 1640 967 1701 III),
988 1645 1069 1699 κακῶς
1086 1641 1204 1706 πάσχων,
1219 1642 1273 1692 οὐδὲ
1286 1644 1334 1709 γὰρ
1347 1645 1412 1703 <ἂν>

336 1749 358 1780 ιι.
376 1730 478 1780 ἀκούων
494 1730 631 1779 Jcrnstedt
647 1730 675 1778 ll.
692 1756 725 1764 -
742 1745 821 1791 „num
839 1729 905 1797 γ’ἂν
923 1746 970 1794 pro
988 1733 1038 1795 γὰρ
1061 1733 1256 1796 reponendum?
1274 1735 1371 1783 Blass’'
1389 1761 1419 1770 -

366 1819 390 1884 ⁶)
424 1820 445 1870 εἶ
461 1838 497 1887 γε,
517 1821 545 1870 Ο.
562 1820 587 1870 J.
605 1820 640 1869 X.
657 1821 685 1869 b:
702 1819 731 1870 εἰ.
749 1847 781 1856 -
800 1821 821 1870 Ι.
839 1820 1067 1886 περιβαλλόμενος.

336 2115 398 2171 τοὺς
414 2112 549 2170 τοιούτους
565 2112 634 2160 ἀλλὰ
652 2113 718 2176 πρὸς
735 2111 845 2169 ἐκείνους

335 2201 401 2251 ἐστὶ.
411 2239 417 2250 .
428 2240 433 2250 ,
444 2240 449 2251 .
476 2202 559 2250 Credo
580 2202 658 2251 fidem
675 2216 737 2251 esso
748 2201 844 2250 haben-

335 2294 396 2340 dam
413 2292 543 2356 plerisque
560 2291 623 2339 viris
634 2291 731 2350 doctis,
745 2292 791 2352 qui
800 2291 844 2340 hl.

334 2384 440 2446 aliquod
471 2382 580 2432 verbum
612 2382 699 2430 deesse
732 2386 845 2446 putant;

335 2472 507 2537 praeferenda
544 2470 609 2518 mihi
647 2485 701 2519 esse
741 2471 845 2519 videtur

335 2562 545 2611 Winckelmanni
556 2559 717 2621 conjectura:
730 2560 844 2624 διαφορὰ,

333 2667 394 2701 nam
411 2653 460 2700 hac
472 2665 534 2700 voce
545 2650 683 2699 inserenda
694 2650 845 2699 restituitur

334 2741 460 2804 Gorgiani
471 2741 528 2789 stili
540 2740 655 2788 imitatio
666 2739 695 2788 in
704 2741 846 2803 repetenda

332 2836 393 2895 post
406 2831 485 2879 breve
498 2829 669 2878 intervallum
683 2830 774 2878 eadem
783 2844 845 2878 voce

333 2921 479 2985 conspicua.

367 3011 398 3059 Id
423 3010 535 3059 voluisse
558 3012 692 3058 auctorem
715 3009 792 3057 multi
816 3010 845 3058 in

332 3102 404 3151 hisce
413 3099 647 3149 declamationibus
656 3099 707 3147 loci
716 3099 844 3149 indicant.

365 3191 502 3240 Jernstedt
536 3189 646 3238 inscruit
674 3189 720 3248 ἂν,
748 3190 845 3239 rectius

335 3281 414 3329 Blass.
431 3280 547 3343 reposuit
563 3278 621 3345 γ’ἃν
637 3294 683 3342 pro
701 3280 758 3345 γάρ.

368 3369 442 3427 Quod
453 3369 487 3416 ad
498 3369 630 3417 senarium
641 3368 750 3426 attinet,
767 3380 844 3430 quem

334 3459 417 3508 inesse
450 3461 572 3507 autumat
606 3456 693 3516 Blass‚
724 3458 844 3506 conferas

334 3563 440 3611 quaeso,
465 3561 531 3610 quac
550 3547 621 3595 inira
638 3551 730 3595 contra
748 3547 843 3596 Rader-

334 3639 448 3688 macheri
464 3639 594 3686 rationem
611 3637 700 3686 attuli.

365 3727 390 3791 ⁰)
425 3731 471 3789 τῆς
490 3729 582 3785 νυκτὸς
588 3763 658 3776 .....
682 3725 763 3785 εἰσδὺς
768 3763 839 3777 .....

333 3847 366 3855 -
383 3823 452 3868 Ante
477 3817 595 3866 omnium
620 3817 709 3865 oculos
726 3816 843 3864 facinora

334 3924 382 3957 sua
396 3908 487 3957 fecisse
504 3906 644 3955 bellatores
661 3908 750 3968 magni
767 3906 843 3954 aesti-

333 4002 420 4058 mant,
448 4011 499 4059 quo
526 3996 653 4058 gloriatur
680 3996 706 4044 h.
732 3996 749 4045 l.
769 3995 844 4044 Aiax.

335 4088 434 4136 Contra
446 4085 520 4134 Ulixi
531 4085 635 4147 objicit,
650 4099 709 4133 eum
722 4086 845 4149 ploraque

332 4176 406 4224 facta
434 4178 513 4223 noctu
542 4177 705 4237 perpetrasse
736 4174 844 4223 occulte.

334 4264 400 4313 Inde
426 4263 500 4314 Ovid.
525 4263 561 4312 l.l.
580 4264 621 4311 14:
641 4277 737 4310 —sua
755 4267 845 4312 narret

336 4354 425 4402 Ulixes
441 4366 508 4415 quae
523 4352 580 4401 sine
597 4355 667 4402 teste
684 4352 765 4414 gerit,
781 4367 844 4414 quo-

903 2129 962 2161 rum
973 2128 1025 2162 nox
1037 2115 1140 2164 conscia
1150 2116 1204 2165 sola
1213 2121 1264 2176 est;
1273 2117 1310 2166 sic
1320 2118 1417 2167 Seneca

904 2203 998 2252 Troad.
1008 2205 1065 2253 754:
1079 2205 1171 2253 Ulixes
1182 2210 1325 2254 nocturnus
1334 2207 1416 2255 miles.

904 2292 939 2340 ci.
975 2293 1245 2358 Metammorphoseon
1272 2295 1416 2344 editionem

902 2381 1064 2431 Jahnianam
1082 2382 1126 2433 l.l.

936 2468 1103 2532 ἱεροσυλήσας
1119 2497 1152 2504 -
1168 2471 1233 2520 mire
1250 2472 1276 2522 h.
1293 2473 1310 2521 l.
1327 2487 1415 2536 specu-

903 2558 1013 2607 lationis
1032 2564 1060 2608 et
1077 2559 1144 2607 furti
1163 2561 1253 2610 Ulixes
1270 2562 1416 2614 incusatur.

906 2647 943 2694 De
951 2650 1008 2694 tota
1017 2647 1096 2696 hacce
1105 2648 1217 2698 historia
1226 2651 1416 2702 consultandus

903 2741 943 2784 est
969 2736 1135 2798 Charannes,
1160 2740 1205 2801 qui
1231 2741 1415 2802 Antisthenem

902 2826 973 2875 ultro
998 2841 1163 2889 progressum
1188 2844 1243 2878 esse
1270 2830 1297 2878 in
1315 2833 1414 2894 perior·

902 2916 998 2965 mando
1020 2917 1112 2980 mytho
1133 2919 1250 2967 ostendit
1271 2920 1300 2968 in
1322 2921 1414 2970 disser-

902 3006 1003 3054 tatione
1027 3007 1060 3056 de
1083 3008 1192 3056 Palladii
1209 3013 1299 3072 raptu,
1318 3011 1345 3058 in
1362 3026 1415 3074 qua

902 3096 1013 3159 primus,
1039 3100 1168 3158 quantum
1193 3098 1280 3160 video,
1308 3099 1340 3148 de
1366 3101 1415 3150 hoc

902 3186 959 3235 loco
984 3188 1051 3236 dicit
1078 3203 1102 3251 p.
1129 3191 1175 3236 55:
1202 3189 1311 3248 „Ulixes
1334 3205 1414 3250 unus,

902 3277 1021 3326 mendico
1037 3278 1131 3326 habitu
1144 3278 1246 3341 Troiam
1262 3281 1414 3343 penetravit

904 3367 1102 3429 Palladiumque
1110 3368 1206 3431 rapuit.
1223 3368 1306 3418 Verbo
1316 3369 1413 3433 ἱεροσυ-

900 3455 983 3516 λήσας
1010 3455 1121 3504 Palladii
1145 3462 1251 3520 raptum
1268 3459 1412 3521 significari

902 3546 1121 3594 antecedentibus
1149 3547 1234 3596 verbis
1262 3549 1414 3610 agnoscitur

902 3635 949 3696 (ci.
961 3635 986 3682 3:
999 3635 1027 3692 ὃς
1039 3634 1109 3697 (Ul.)
1125 3636 1167 3684 καὶ
1179 3636 1304 3702 πρότερον
1315 3637 1412 3702 ἱεροσυ-

900 3723 1413 3794 λήσαςαύτῶν(Ττο]“οαοιαια)τὸάγαλ-
1469 3738 1473 3751 ·

900 3835 936 3881 μα
954 3819 1002 3876 τῆς
1017 3818 1078 3865 θεοῦ
1096 3831 1117 3866 e.
1129 3831 1154 3879 q.
1165 3818 1206 3877 s).
1241 3819 1315 3868 Adde
1332 3821 1413 3870 etiam

903 3907 988 3955 Ulixis
996 3906 1237 3973 J'actationes8:lyu'›
1247 3907 1272 3957 δὲ
1282 3909 1412 3969 ἄοπλος...

902 3995 974 4060 cipri.
996 3996 1045 4045 Sed
1062 4000 1089 4043 et
1106 3997 1205 4045 oraculi
1222 3997 1340 4060 Trojanis
1356 3999 1413 4047 dati

902 4086 993 4134 urbem
1019 4087 1165 4148 expugnari
1191 4101 1243 4134 non
1269 4101 1343 4150 posse
1362 4088 1414 4135 nisi

904 4175 1021 4224 Palladio
1032 4179 1107 4238 rapto
1119 4176 1289 4225 Antisthenes
1297 4177 1345 4225 hoc
1356 4177 1413 4226 loco

903 4265 964 4328 (Orl.
986 4267 1022 4328 3.)
1049 4266 1248 4327 antiquissimus
1265 4269 1343 4317 testis
1359 4274 1413 4330 cst,

902 4355 947 4417 qui
972 4354 1053 4403 ctiam
1071 4355 1135 4403 haec
1152 4356 1216 4404 satis
1233 4357 1301 4406 mira
1316 4359 1412 4421 tradit,
