3458 5182
858 398 876 460 5

361 580 544 639 dialectica:
570 581 633 639 vol.
655 579 703 638 Vl
730 585 762 638 et
789 581 852 639 vol.
875 579 941 638 VII
958 597 1060 656 usque
1082 579 1123 638 ad
1145 576 1196 638 31:
1218 583 1286 671 περὶ
1308 574 1407 652 δόξης

658 715 684 751 κ·
706 687 887 767 ἐπιστήμης·

587 815 600 843 u
657 790 732 850 VII.
754 788 806 851 37:
824 787 913 864 δόξαι
930 788 956 867 a*
970 792 1124 877 ἐριστικός
1136 787 1187 852 38:
1199 819 1232 856 π.
1246 819 1272 854 r·
1287 791 1408 873 pavat-

656 924 720 962 νειν
741 894 969 983 προβΛὴματα·

360 1004 507 1079 physica:
584 1026 598 1058 a
653 1002 698 1062 II.
728 1002 745 1061 7
772 1021 875 1081 usque
901 1005 943 1063 ad
965 1001 1012 1062 10.
1036 1008 1068 1062 et
1089 1003 1153 1062 vol.
1177 1000 1254 1061 VII.
1276 998 1406 1061 32-36.

361 1108 468 1167 ethica
483 1107 648 1185 (moralia)
664 1112 695 1165 et
711 1108 857 1182 politica:
872 1109 936 1166 vol.
948 1108 992 1166 II.
1006 1105 1123 1166 10—11
1137 1109 1200 1168 vol.
1214 1108 1285 1182 ΙΙΙ,
1299 1107 1355 1181 IV,
1367 1106 1406 1165 V.

360 1212 548 1273 HomerIca:
571 1213 634 1271 vol.
657 1211 753 1272 VIII.
776 1218 809 1271 et
831 1212 889 1271 IX.

362 1319 431 1377 Iam
464 1320 574 1376 statim
607 1320 709 1392 Igitur
737 1324 870 1394 apparet
891 1320 1037 1378 indicem
1059 1338 1126 1378 non
1146 1324 1268 1378 temere
1290 1320 1408 1378 consti-

318 1429 428 1483 tutum
450 1441 536 1482 esse:
558 1426 746 1498 agnoscitur
765 1425 847 1482 ratio
868 1425 1028 1500 quaedam
1050 1425 1247 1500 disponendi
1264 1431 1295 1484 et
1310 1426 1407 1484 collo·

319 1530 430 1603 candi,
453 1532 488 1587 in
511 1547 574 1605 qua
596 1546 689 1605 saepe
711 1533 836 1588 ematur
856 1534 888 1588 et
902 1548 921 1588 a
935 1548 999 1607 qua
1013 1530 1102 1589 haud
1118 1532 1218 1591 semel
1234 1531 1407 1603 receditur,

320 1637 376 1697 sed
388 1640 513 1709 auctor,
536 1638 725 1713 quicunque
737 1636 813 1708 fuit,
826 1637 976 1695 ordinem
988 1637 1087 1695 talem
1099 1638 1303 1711 proposuisse
1320 1636 1408 1694 vide-

318 1749 386 1815 tur,
418 1744 476 1819 qui
509 1744 545 1800 in
574 1745 664 1800 tanto
694 1744 891 1816 scriptorum
924 1759 1062 1800 numero
1094 1745 1294 1818 aptissumus
1329 1746 1405 1800 erat.

319 1849 466 1920 Etenim,
500 1852 536 1907 ut
565 1849 726 1920 vidimus,
754 1848 948 1925 plerumque
970 1850 1089 1924 scripta
1110 1849 1259 1907 eiusdem
1279 1851 1409 1922 generis

319 1955 582 2014 ineodemtomo
605 1955 815 2013 collocantur.
851 1953 986 2013 Erratur
1009 1972 1076 2014 v.c.
1099 1957 1135 2014 in
1157 1957 1296 2031 septimo
1317 1957 1409 2014 volu·

319 2062 423 2132 mine,
446 2061 503 2117 ubi
526 2059 625 2118 stulte
648 2057 826 2118 dialecticis
847 2059 973 2118 adiecta
994 2064 1071 2118 sunt
1092 2060 1228 2135 physica
1249 2061 1409 2136 quaedam

320 2184 424 2240 opera.
449 2165 505 2242 (cf.
529 2163 719 2224 Sosianum
741 2163 853 2223 Jahrb.
876 2164 899 2223 f.
923 2164 1042 2225 Philol.
1067 2162 1155 2238 1887,
1177 2184 1207 2241 p.
1230 2164 1314 2243 207.)
1345 2165 1409 2225 Sed

320 2274 514 2344 praetereas
530 2271 732 2334 erroresalia
754 2277 844 2343 sunt,
867 2289 949 2348 quae
972 2274 1007 2329 in
1028 2272 1089 2330 hoc
1111 2272 1221 2331 indice
1234 2273 1409 2332 meadver-

319 2381 451 2435 terunt:

360 2510 387 2544 α.
432 2481 524 2539 Idem
557 2481 688 2552 titulus,
722 2486 758 2539 ut
787 2480 928 2553 videtur,
950 2499 1189 2559 nonnunquam
1212 2484 1286 2559 plus
1308 2483 1410 2542 semel

319 2588 453 2644 iteratur
474 2590 600 2662 praeter
621 2587 867 2644 necessitatem:
890 2603 920 2643 v.
942 2603 969 2644 c.
1100 2569 1102 2573 Α
1249 2570 1251 2577 ’

359 2689 400 2749 X.
424 2689 472 2751 57.
494 2690 656 2778 Ἡρακλῆς
678 2689 699 2766 ἢ
724 2695 794 2777 περὶ
817 2693 1004 2777 φρονήσεως
1025 2689 1043 2766 ἢ
1063 2694 1178 2778 ἰσχύος
1205 2720 1240 2742 =
1275 2692 1330 2752 IV.
1360 2692 1408 2754 21.

318 2795 479 2883 Ἡρακλῆς
501 2801 519 2861 ὁ
541 2794 657 2878 μείζων
671 2797 695 2874 ¹)
718 2794 826 2882 ἢπερὶ
847 2797 974 2881 ἰσχύος.
1012 2795 1089 2855 VII.
1121 2794 1170 2857 35.
1191 2802 1260 2884 περὶ
1283 2801 1409 2883 φύσεως

318 2900 381 2988 α’β’
400 2929 438 2952 -·
459 2904 503 2962 id.
526 2900 574 2962 36.
597 2904 737 2990 ἐρώτημα
761 2908 830 2990 περὶ
853 2906 978 2988 φύσεως
989 2901 1027 2978 Ξ)·
1070 2900 1126 2961 IV.
1160 2900 1209 2963 20·
1245 2907 1354 2989 Κῦρος
1377 2907 1409 2962 et

317 3007 355 3066 V.
378 3007 436 3068 22:
466 3015 576 3093 Κῦρος
599 3008 617 3083 ἢ
640 3013 709 3094 περὶ
723 3005 907 3098 βασιλείας;
939 3007 980 3066 X·
1003 3007 1054 3070 58:
1078 3015 1186 3095 Κῦρος
1207 3007 1228 3084 ἢ
1253 3011 1409 3097 ἐρώμενος

318 3118 349 3171 et
372 3114 416 3174 id.
439 3112 487 3173 59.
511 3120 619 3200 Κῦρος
634 3113 655 3189 ἢ
669 3115 862 3180 κατάσκοποι
882 3113 1018 3173 fortasse
1033 3131 1138 3174 unum
1154 3115 1309 3192 idemque
1328 3132 1408 3190 opus

318 3219 467 3288 indicant
488 3222 540 3279 cui
562 3221 628 3280 fuit
650 3221 779 3280 titulus:
804 3219 962 3307 Kipoc·³)

357 3320 394 3409 β.
438 3324 502 3384 Hic
534 3326 604 3384 illic
636 3327 726 3386 tituli
758 3327 838 3385 adeo
869 3327 1075 3385 abundanter
1117 3327 1266 3403 pluribus
1298 3328 1407 3386 verbis

318 3435 527 3505 exponuntur
563 3435 619 3489 aut
653 3433 763 3507 inepte
804 3431 1133 3503 circumscribuntur,
1166 3436 1203 3490 ut
1236 3432 1339 3491 multa
1371 3435 1407 3491 in

352 3672 372 3734 ¹)
407 3672 519 3721 Mueller
536 3686 560 3734 p.
578 3673 629 3720 41:
654 3671 715 3719 Non
740 3671 824 3719 solum
849 3670 879 3718 in
906 3670 1093 3720 Eratosthenis
1111 3671 1307 3722 (latasterismis
1325 3689 1346 3724 c.
1365 3675 1406 3722 40:

315 3761 431 3826 καθάπερ
456 3759 584 3826 ἈΜ-,φησι
602 3761 629 3810 ἐν
658 3763 701 3825 τῷ
725 3759 845 3825 Ἠρακλεῖ
878 3761 923 3809 sed
957 3761 1038 3810 etiam
1069 3762 1139 3825 apud
1166 3760 1241 3824 Diog.
1262 3761 1343 3811 Laert
1363 3763 1406 3822 VI,

316 3854 371 3911 104,
389 3854 436 3902 105
454 3851 611 3915 simpliciter
629 3850 790 3912 „Hercules”
809 3851 946 3912 laudatur,
964 3852 1039 3914 quasi
1055 3851 1407 3900 unusiueritciusnominis

315 3944 390 3994 liber.

347 4034 372 4095 ²)
408 4035 464 4082 lam
482 4032 622 4081 coniunxit
639 4031 795 4080 Winckelm.
813 4035 921 4079 auctore
939 4030 1101 4081 Hermanno.

346 4122 371 4186 ³)
406 4123 459 4172 Cic.
478 4106 518 4171 'ad
544 4124 599 4170 Att.
625 4121 694 4180 XII,
720 4135 761 4183 ep.
787 4122 829 4170 38:
848 4120 931 4183 Cyrus
953 4118 992 4170 de'
1013 4121 1078 4169 mihi
1095 4124 1132 4170 sIc
1149 4121 1251 4184 placuit
1268 4126 1299 4171 ut
1317 4126 1408 4171 cetera

315 4213 492 4271 Antisthenis;
522 4211 655 4275 Ohappuis
667 4226 702 4275 p.
720 4213 766 4270 33,
789 4213 868 4274 putat
885 4211 937 4258 dua
954 4211 1091 4259 volumina
1108 4209 1222 4259 ciusdem
1239 4211 1301 4259 iibri
1318 4211 1406 4260 fuisse.

317 4303 481 4366 Phrynichus
503 4317 544 4366 ap.
570 4302 644 4350 Phot.
670 4303 729 4362 158,
753 4300 907 4363 simpliciter
929 4302 1013 4364 Κῦρος
1036 4300 1133 4348 librum
1149 4300 1256 4348 laudat:
1273 4302 1336 4364 μετὰ
1354 4305 1406 4350 τῶν

315 4393 428 4459 γνησίων
445 4393 525 4444 αὐτοῦ
543 4390 587 4441 δύο
605 4392 693 4456 λόγων
711 4393 757 4440 τοῦ
775 4390 832 4453 περὶ
846 4389 937 4454 ’Κύρου
955 4391 995 4439 καὶ
1014 4392 1059 4440 τοῦ
1077 4391 1135 4454 περὶ
1152 4387 1306 4448 Ὀδυσσείας.
