3458 5182
841 385 878 448 21

317 560 551 621 Antisthenem
583 562 776 634 rhetoricae;
810 569 843 623 et
876 566 993 623 merito
1019 564 1076 623 ille
1098 564 1244 642 quidem.
1286 565 1404 624 Nonne

318 669 407 726 enim
434 669 566 743 penitus
592 668 670 728 haec
692 672 804 745 opinio
826 670 1001 729 hominum
1024 672 1144 729 animis
1167 671 1268 730 infixa
1295 672 1404 731 haeret

317 775 356 857 τῇ
395 768 517 859 παιδείᾳ
554 774 681 832 nullam
719 792 788 833 rem
826 774 945 834 melius
980 776 1139 834 inservire
1171 793 1272 850 posse,
1306 795 1404 854 quam

317 881 420 936 artem
445 879 663 940 rhetoricam?
705 879 919 957 Summopere
949 883 1058 958 itaque
1083 879 1220 956 Gorgiae
1244 885 1404 942 rationem

317 1001 385 1044 1111
408 985 591 1045 habendam
614 987 860 1063 inquirentibus
882 988 918 1045 in
938 985 1146 1045 Antisthenis
1162 989 1404 1048 institutionem

318 1089 391 1149 luce
412 1092 531 1152 clarius
553 1098 610 1152 est.

359 1195 444 1256 Mihi
477 1217 566 1273 vero,
588 1202 745 1278 quoniam
768 1202 944 1259 consilium
967 1205 1013 1259 est
1036 1200 1194 1260 disserere
1216 1199 1256 1258 de
1279 1200 1405 1259 duabus

316 1302 610 1365 declamationibus
632 1309 664 1364 et
685 1305 726 1364 do
748 1307 878 1380 scriptis
900 1304 1095 1376 Homericis,
1118 1321 1200 1381 quae
1217 1305 1277 1363 sub
1295 1304 1406 1364 Antis-

317 1408 427 1468 thenis
442 1412 577 1469 nomine
593 1410 761 1484 feruntur,
771 1413 825 1470 via
837 1409 877 1469 ad
889 1395 1122 1470 accuratiorem
1138 1411 1405 1488 disquisitionem

318 1515 358 1574 de
373 1532 491 1589 genere
507 1516 655 1589 dicendi,
671 1516 759 1593 quod
775 1519 810 1575 in
826 1518 867 1575 iis
883 1516 1177 1575 declamationibus
1189 1519 1348 1584 servatur,
1361 1517 1406 1574 ita

317 1622 557 1695 pramunienda
586 1639 654 1680 esse
684 1621 830 1694 videtur,
857 1625 893 1680 ut
920 1623 986 1681 iam
1012 1638 1100 1679 nunc
1126 1638 1295 1697 quaeram,
1324 1638 1405 1678 num

318 1727 354 1784 in
381 1726 537 1802 dispersis
563 1727 701 1805 reliquis
728 1727 922 1801 fragmentis
949 1727 1086 1800 vestigia
1108 1726 1406 1802 deprehendamus,

318 1850 401 1909 quae
423 1833 463 1892 ad
486 1838 597 1892 notam
613 1834 760 1907 magistri
775 1836 877 1891 artem
893 1833 954 1890 iter
970 1830 1152 1890 intendant.
1166 1831 1191 1908 ¹)
1215 1831 1320 1890 Pauca
1331 1848 1406 1890 sane

318 1939 376 1997 illa
398 1939 580 2012 fragmenta
602 1943 695 2010 sunt,
717 1956 736 1996 a
757 1935 1030 1996 Winckelmanno
1052 1937 1182 2010 collata,
1195 1936 1251 1996 sed
1263 1939 1298 1995 ni
1310 1936 1407 1995 111111

318 2045 354 2102 11
387 2047 575 2120 quaestione
608 2048 718 2103 nostra
750 2044 936 2103 dirimenda
973 2044 1169 2102 documenta
1199 2043 1288 2102 haud
1321 2060 1407 2119 sper-

319 2151 436 2210 nenda.
480 2150 681 2226 Praeponere
714 2150 817 2210 debeo
849 2151 982 2209 brevem
1004 2148 1184 2224 Gorgianae
1205 2151 1284 2208 artis
1305 2153 1337 2208 et
1359 2149 1406 2208 di·

319 2256 415 2316 cendi
457 2258 594 2316 rationis
634 2259 863 2331 conspectum
901 2273 977 2314 nam
1013 2255 1210 2330 locupletius
1246 2272 1407 2330 exponere

319 2362 524 2439 eloquentiae
557 2360 737 2436 Gorgianae
759 2361 921 2419 elementa
943 2359 1171 2438 neque‘huius
1193 2361 1255 2419 loci
1278 2364 1326 2419 est
1347 2378 1407 2418 111

319 2472 391 2544 post
413 2470 540 2543 egregia
561 2465 667 2527 Geelii
682 2466 720 2545 ²),
748 2465 968 2538 Volkmanni,
985 2465 1121 2539 Blassii,
1136 2465 1284 2525 Nordeni
1299 2467 1408 2526 studia

319 2578 496 2654 quicquam
518 2577 642 2634 attinet.

360 2680 508 2756 Gorgias,
541 2683 588 2739 uti
620 2681 787 2752 novimus,
811 2681 991 2738 orationem
1013 2683 1106 2739 ornat
1128 2697 1226 2756 quam
1249 2681 1407 2752 maxime,

320 2788 449 2846 inducit
484 2789 624 2862 poeticas
656 2786 822 2857 licentias,
852 2785 987 2845 adhibet
1024 2785 1122 2844 verba
1147 2786 1252 2861 poetis
1277 2787 1408 2860 propria

318 2898 375 2951 aut
396 2893 579 2952 secundum
601 2896 769 2967 poetarum
791 2909 922 2950 normas
944 2890 1033 2962 ficta,
1057 2893 1161 2949 utitur
1183 2891 1292 2950 verbis
1313 2893 1408 2950 novis

319 3003 351 3057 et
366 2999 569 3075 compositis,
585 2998 705 3075 quibus
721 2998 875 3057 omnibus
890 2996 1134 3072 magnificentia
1149 2997 1217 3056 stili
1231 2998 1406 3073 quaeritur.

361 3104 549 3164 Sententiae
571 3105 765 3181 plerumque
787 3104 990 3181 acquisiere
1012 3103 1159 3178 partibus
1181 3105 1202 3162 i.
1215 3120 1242 3161 e.
1264 3102 1408 3177 periodis

318 3216 480 3284 constant,
522 3209 625 3286 (unde
666 3211 869 3269 concinnitas
909 3209 1068 3285 quaedam
1108 3208 1212 3267 oritur
1248 3208 1406 3285 partium)

320 3334 539 3394 numerosque
561 3318 697 3375 metrica
717 3315 786 3374 lere
808 3317 934 3375 ratione
957 3316 1149 3374 constitutos
1164 3313 1320 3372 efficiunt.
1354 3311 1408 3371 Ad

319 3423 457 3483 artificia
478 3424 604 3496 haecce,
627 3439 709 3500 quae
733 3423 856 3499 ubique
879 3424 915 3481 11
936 3420 1108 3496 Gorgianis
1131 3421 1259 3495 scriptis
1281 3421 1407 3494 conspi-

319 3531 466 3600 ciuntur,
499 3528 637 3603 accedit,
674 3534 711 3588 ut
742 3532 778 3587 11
810 3530 983 3588 sententiis
1014 3530 1161 3586 accurata
1192 3525 1407 3584 antithesium

318 3624 550 3693 convenientia
577 3635 820 3712 earundemque
847 3638 981 3711 aequata
1002 3633 1174 3707 longitudo
1195 3632 1406 3704 alternentur,

319 3741 547 3800 translationes
591 3745 622 3800 et
666 3742 923 3817 superiectiones
959 3739 1164 3798 abundanter
1199 3741 1406 3812 usurpentur.

320 3843 428 3905 Oratio
450 3847 539 3906 hisce
561 3846 743 3906 rationibus
764 3845 962 3921 amplificata
983 3848 1146 3920 praeterea
1165 3849 1256 3903 extra
1270 3843 1407 3902 modum

352 4124 374 4186 1)
409 4125 465 4173 Iam
492 4124 604 4174 Mueller
621 4125 662 4183 ll.,
684 4140 710 4188 p.
734 4127 765 4172 26
788 4129 826 4172 11.
850 4128 875 4172 2:
892 4126 921 4173 in
939 4125 1017 4174 dictis
1037 4124 1206 4173 Antisthenis
1224 4138 1278 4172 esse
1296 4124 1407 4186 vestigia

319 4215 448 4277 quaedam
466 4229 549 4277 pauca
566 4213 714 4276 Gorgianae
731 4214 797 4262 artis
815 4213 975 4264 observavit.

352 4301 376 4366 ¹)
410 4303 435 4352 J.
461 4303 534 4351 Geel:
562 4303 681 4351 Historia
706 4303 803 4352 Oritica
834 4303 1027 4366 Sophistarum,
1060 4317 1085 4366 p.
1109 4304 1212 4354 cis-62.
1246 4303 1406 4352 Volkmann:

320 4394 363 4442 die
382 4393 508 4442 Rhetorik
525 4393 571 4443 (111
589 4393 717 4442 Griechen
735 4395 790 4442 und
809 4394 911 4443 Rb'mer.
946 4394 1075 4445 11111111.
1108 4393 1216 4443 Norden
1234 4393 1261 4444 ll.
