3458 5182
739 1213 882 1275 CAPUT
912 1215 975 1275 ΙΙΙ.

389 1443 447 1522 DE
473 1443 608 1526 litte
635 1445 693 1525 ΕΤ
720 1447 864 1529 utixa
891 1447 1325 1531 Dtttnnltiotltut.

766 1679 958 1689 ——-

356 1886 516 1984 Tandem
549 1925 590 1983 ad
622 1943 675 1985 eas
705 1927 972 2001 declamationes,
1001 1944 1080 2004 quas
1101 1930 1169 1985 tota
1190 1943 1262 1984 mea
1283 1928 1405 2000 spectat

316 2030 494 2106 disputatio
525 2031 661 2090 Aiacem
694 2038 791 2110 atque
823 2033 957 2094 Ulixem
990 2034 1077 2106 dice,
1108 2033 1313 2092 devenimus.
1356 2031 1405 2091 De

316 2139 372 2206 iis,
395 2141 431 2195 ut
451 2139 633 2197 accuratius
654 2138 716 2198 hoc
731 2141 835 2214 capite
848 2141 1013 2216 inquirere
1025 2155 1154 2215 possem
1166 2137 1407 2214 praemittenda

316 2247 421 2314 erant,
455 2260 536 2319 quae
568 2260 666 2319 supra
698 2245 848 2304 disserui.
901 2245 975 2304 Nisi
1008 2248 1169 2305 constaret
1202 2246 1301 2317 enim,
1324 2245 1406 2321 quid

316 2347 471 2423 sophistis
493 2349 645 2409 debuisse
666 2351 834 2409 videretur
855 2350 1088 2422 Antisthenes,
1111 2349 1258 2427 quidque
1280 2351 1316 2407 in
1339 2347 1407 2407 Ho-

317 2455 448 2513 mericis
479 2457 681 2527 argumentis
713 2458 903 2530 praesertim
925 2457 1100 2531 placuisset
1123 2453 1264 2530 Cynico,
1286 2456 1344 2512 vix
1365 2454 1407 2513 ad

317 2557 418 2616 finem
450 2557 626 2634 perducere
658 2565 824 2635 potueram
860 2563 1085 2638 quaestionem
1117 2559 1205 2618 haud
1237 2560 1345 2634 parvi,
1378 2559 1406 2617 si

318 2665 399 2741 quid
435 2665 547 2737 video,
587 2669 787 2739 argumenti,
820 2672 932 2726 utrum
965 2669 1103 2742 scriptae
1134 2665 1174 2724 ab
1206 2664 1407 2724 Antisthene

317 2770 492 2829 videantur
514 2770 782 2844 declamationem
805 2788 884 2848 quas
907 2772 993 2844 dixi,
1016 2789 1057 2830 an
1079 2770 1275 2846 philosopho
1297 2774 1408 2829 nostro

318 2874 562 2937 abiudicandae.
606 2876 711 2947 Quam
742 2876 876 2936 difficile
898 2879 941 2937 sit
963 2877 1003 2936 de
1026 2876 1322 2936 declamationibus
1343 2875 1408 2936 dis-

318 2999 448 3041 cernere
480 2984 589 3040 sintne
610 2984 773 3056 genuinae
795 3000 913 3056 necne,
936 2985 1001 3041 iam
1024 3000 1061 3042 eo
1084 2982 1298 3056 intelligitur,
1321 2982 1410 3059 quod

318 3105 478 3163 perpauca
499 3086 709 3147 Antisthenis
730 3088 799 3146 stili
815 3089 996 3163 specimina
1006 3091 1132 3163 praesto
1145 3092 1231 3160 sunt,
1242 3087 1408 3163 simulque

319 3210 450 3269 prorsus
482 3194 551 3252 fere
583 3195 702 3254 absunt
724 3195 935 3266 documenta,
958 3194 1079 3271 quibus
1102 3191 1222 3252 efficias
1244 3192 1408 3269 quomodo

319 3304 511 3373 argumenta
531 3301 621 3358 varia
641 3301 827 3359 tractaverit
849 3298 1003 3374 Cynicus.
1021 3299 1046 3377 ¹)
1069 3297 1163 3368 Quod
1186 3298 1227 3356 ad
1248 3299 1408 3356 rationem

321 3405 454 3463 dicendi
476 3407 669 3483 copiamque
691 3410 723 3464 et
745 3407 910 3464 delectum
924 3406 1102 3464 verborum
1117 3406 1248 3477 attinet,
1264 3405 1409 3463 multum

319 3513 477 3570 adiuvant
491 3530 578 3583 eum,
593 3515 651 3589 qui
662 3512 857 3572 Antistheni
874 3513 1042 3571 vindicare
1058 3512 1131 3570 vult
1146 3511 1409 3583 declamationes,
1508 3558 1512 3569 .

321 3619 475 3692 insignis,
508 3637 590 3696 quae
623 3621 658 3677 in
680 3620 722 3678 iis
744 3619 934 3679 observatur
956 3616 1137 3692 Gorgianae
1159 3617 1315 3676 dictionis
1337 3617 1410 3674 imi·

320 3726 417 3794 tati0;
440 3742 501 3784 nec
522 3727 633 3783 minus
655 3725 765 3783 valent
787 3725 875 3784 color
889 3725 1139 3800 philosophicus
1161 3726 1193 3781 et
1216 3721 1409 3793 Socraticus,

322 3832 379 3908 qui
402 3833 496 3890 inest.

363 3936 567 4013 Quamquam
579 3953 687 4012 neque
700 3935 784 3994 mihi
796 3937 947 4009 ignotum
959 3941 1021 4008 est,
1034 3934 1195 3993 lubricam
1217 3950 1311 4008 saepe
1323 3933 1411 3991 viam

322 4047 407 4103 inire
433 4061 526 4115 eum,
555 4045 612 4120 qui
645 4044 821 4119 antiquum
843 4044 1002 4117 scriptum
1025 4045 1111 4100 certo
1134 4039 1265 4099 cuidam
1286 4038 1411 4097 auctori

354 4297 378 4362 ¹)
414 4298 512 4347 Confer
533 4312 600 4360 quae
622 4296 785 4356 censuerint,
809 4299 938 4358 quantum
960 4309 993 4345 ex
1010 4294 1100 4358 paucis
1117 4293 1276 4356 fragmentis
1298 4291 1412 4353 licebat,

322 4390 423 4451 Weber,
431 4388 587 4446 Duemmler‚
595 4387 692 4447 Hirael,
700 4387 730 4435 in
736 4386 811 4434 libris
820 4399 898 4448 supra
906 4384 1031 4446 laudatis,
1039 4384 1073 4433 de
1082 4381 1228 4446 „Hercule”
1237 4381 1411 4432 Antisthenis.
