3458 5182
408 791 477 855 Du
510 790 829 858 PROTAGORA
861 793 924 857 ΕΤ
956 787 1304 858 ANTisTHaNE.

355 1003 561 1076 Protagoram
578 1021 653 1061 curn
670 1012 700 1061 a⁰
715 1002 797 1077 435⁰,
814 1013 845 1063 a⁰
859 1003 932 1064 4300
947 1007 1162 1081 sequentique
1178 1004 1319 1062 Athenis
1336 1020 1402 1059 mo·

229 1138 233 1143 ·
314 1113 439 1167 raretur
460 1109 500 1167 ab
522 1108 720 1168 Antisthene
743 1111 893 1168 arulitum
916 1129 984 1170 esse
1006 1129 1121 1185 parum
1145 1115 1192 1168 est
1212 1109 1402 1179 verisimile,

314 1232 391 1272 nam
423 1232 504 1290 puer
524 1219 596 1274 tum
619 1215 683 1274 fuit
704 1218 822 1291 placita
844 1223 952 1276 autem
976 1217 1167 1289 Protagorea
1190 1218 1220 1273 ei
1243 1214 1331 1272 haud
1354 1216 1403 1271 in·

314 1322 443 1393 cognita
464 1321 567 1380 fuisse
589 1322 758 1396 probabile
781 1324 921 1395 videtur,
944 1322 1024 1399 quin
1046 1321 1143 1380 etiarn
1167 1322 1270 1378 nuilta
1284 1320 1404 1378 adsunt

314 1427 519 1497 documenta,
536 1444 576 1484 ex
591 1428 712 1503 quibus
727 1430 860 1502 apparet
875 1425 1038 1501 Cynicum
1054 1426 1216 1501 principia
1231 1431 1263 1482 et
1276 1425 1403 1481 ‹lecreta

316 1531 506 1604 Protagorae
547 1532 747 1604 cognovisse.
791 1531 845 1591 Sic
878 1532 1087 1590 Antisthenis
1120 1531 1204 1588 liber
1235 1522 1291 1589 26:
1335 1532 1404 1613 περὶ

314 1644 370 1703 τοῦ
404 1635 581 1721 ἀντιλέγειν
614 1635 735 1712 (Zeller
765 1637 815 1708 Il,
839 1655 869 1712 p.
892 1634 966 1714 302)
989 1654 1087 1713 quem
1110 1636 1277 1710 scripsisse
1299 1634 1404 1691 fertur

314 1748 426 1822 cont-ra
459 1742 629 1800 Platonem
654 1741 757 1818 (unde
781 1744 898 1808 ’Σάθων
920 1745 1010 1818 prior
1032 1743 1121 1800 tituli
1143 1741 1230 1817 pars)
1260 1742 1403 1814 spectare

316 1850 447 1907 videtur
468 1849 509 1907 ad
532 1848 763 1923 Protagoreum
786 1850 889 1909 illud:
912 1851 999 1908 nulli
1021 1850 1201 1908 sententiae
1224 1845 1402 1905 contradici

316 1973 408 2030 posse
440 1989 480 1996 —
512 1954 600 2012 idem
623 1954 692 2012 fere
714 1960 944 2028 argumentum
967 1957 1117 2015 tractavit
1139 1956 1175 2011 in
1197 1951 1401 2028 praecedenti

317 2058 373 2119 25:
404 2064 473 2145 περὶ
496 2065 552 2122 τοῦ
575 2055 776 2145 διαλέγεσθαι
798 2058 1003 2145 ἀντιλογικός
1025 2095 1065 2102 -
1086 2060 1166 2136 quid
1189 2056 1404 2115 Antisthenes

317 2169 377 2226 hac
408 2169 634 2226 enuntiatione
666 2168 808 2226 voluerit
840 2170 941 2227 nimis
973 2169 1009 2226 in
1041 2167 1160 2240 vulgus
1194 2168 1309 2222 notum
1340 2165 1404 2231 est,

319 2290 417 2349 quam
439 2275 618 2331 utiterum
641 2278 830 2348 exponatur.

360 2379 448 2450 Quae
475 2382 659 2438 enuntiatio
691 2378 878 2454 philosophi
906 2397 1005 2455 quam
1027 2379 1090 2436 late
1112 2380 1219 2452 pateat
1240 2375 1405 2434 declarant

320 2485 483 2559 permulta
515 2485 706 2558 fragmenta.
725 2484 749 2561 ¹)
792 2484 1063 2543 Antisthenicum
1095 2481 1199 2540 illud:
1233 2481 1290 2545 οὐκ
1321 2479 1406 2544 ἔστιν

320 2591 493 2677 ἀντιλέγειν
514 2593 550 2649 in
570 2593 689 2667 scripto
712 2590 764 2650 240
787 2590 837 2650 cui
853 2590 969 2650 titulus
985 2591 1051 2649 fuit
1065 2588 1217 2663 Ἀλήθεια
1231 2590 1404 2646 tractatum

319 2714 387 2754 esse
419 2697 599 2756 verisimile
622 2707 679 2757 est.
723 2697 855 2756 Etenim
879 2716 977 2774 quem
999 2702 1164 2756 auctorem
1186 2697 1315 2753 secutus
1337 2709 1405 2750 esse

319 2803 470 2861 videatur
491 2804 705 2865 Antisthenes
728 2807 763 2863 in
778 2806 839 2864 hac
854 2806 1017 2864 sententia
1032 2801 1292 2863 commendantia
1308 2801 1405 2859 facile
1439 2863 1441 2869 ¹

319 2928 360 2967 ex
392 2911 462 2984 ipso
493 2912 605 2983 titulo,
638 2912 852 2985 intelligetur.
884 2909 945 2970 Oui
980 2928 1046 2968 non
1079 2911 1115 2967 in
1147 2912 1292 2967 mentem
1314 2907 1405 2963 venit

319 3013 468 3090 'Altibus
485 3016 569 3075 liber
584 3017 784 3091 Protagorae,
797 3017 824 3094 ²)
840 3036 905 3093 quo
921 3017 1110 3090 Protagoras
1125 3016 1252 3091 primus
1267 3013 1404 3071 eandem

319 3137 449 3194 prorsus
470 3123 664 3180 sententiam
682 3123 883 3197 protulerat?
899 3122 926 3199 ³)
950 3122 1137 3195 Protagoras
1154 3121 1242 3178 enim
1260 3118 1406 3176 Heracli-

319 3231 391 3284 tum
412 3230 557 3300 secutus‚
588 3229 645 3304 qui
668 3230 779 3287 omnia
800 3229 929 3287 assidue
952 3229 1075 3287 moveri
1099 3231 1130 3285 et
1152 3227 1252 3284 fluere
1274 3228 1405 3283 conten-

353 3575 375 3639 ¹)
409 3580 444 3628 ct.
463 3579 632 3639 Winckelm.‚
652 3595 676 3643 p.
694 3581 733 3627 34.
765 3580 837 3641 Diog.
855 3579 945 3629 Lacrt.
964 3579 1018 3639 IX,
1040 3581 1097 3627 853:
1115 3576 1192 3635 οὗτος
1210 3577 1342 3638 (l'rotag.)
1360 3577 1406 3624 τὸν

319 3668 495 3728 Ἀντισθένους
512 3671 601 3736 λόγον,
615 3671 660 3719 τὸν
679 3671 836 3734 πειρώμενον
845 3666 1031 3731 ἀποδεικνύειν,
1050 3669 1084 3726 ὡς
1102 3668 1146 3716 οὐκ
1163 3669 1235 3716 ἔστιν
1253 3665 1404 3730 ἀντιλέγειν,

319 3762 420 3822 πρῶτος
438 3759 570 3809 διείλεκται
587 3759 623 3808 id.
641 3760 696 3819 ΙΙΙ,
719 3761 762 3819 24,
780 3761 810 3806 35
828 3785 860 3795 -
877 3773 902 3822 p.
920 3761 951 3806 36
969 3786 1001 3794 -
1018 3774 1043 3823 p.
1060 3760 1091 3806 35
1110 3785 1140 3794 -
1159 3759 1216 3820 pl
1234 3784 1266 3792 -
1283 3771 1308 3819 p.
1327 3759 1358 3804 40
1375 3784 1406 3792 -

319 3863 343 3912 p.
361 3850 399 3909 60,
417 3849 446 3896 in
462 3849 628 3910 fragmentis.

350 3934 374 3998 ²)
408 3937 575 3996 Winckelm.‚
599 3952 623 4000 p.
646 3938 689 3985 35:
712 3937 782 3986 Scite
804 3937 954 3985 observavit
975 3936 1196 3985 Schleiermacher
1214 3936 1351 3984 Platonem
1368 3950 1406 3982 re·

318 4027 456 4075 tollentem
484 4027 638 4088 Protagorae
658 4024 792 4085 Ἀλήθειαν
812 4026 898 4088 potius
915 4025 1083 4074 Antisthenis
1099 4025 1196 4074 librum
1217 4025 1354 4086 Ἀλήθειαν
1367 4025 1406 4073 in·

319 4118 445 4180 scriptum
463 4118 637 4181 impugnasse.

351 4204 371 4269 8)
407 4207 525 4258 Mueller,
543 4222 569 4270 p.
587 4209 626 4254 36.
644 4234 676 4241 -
694 4206 768 4267 Diog.
787 4205 875 4253 Laert.
894 4205 943 4264 IX,
960 4207 1002 4254 53:
1020 4206 1062 4253 καὶ
1077 4206 1123 4254 τὸν
1135 4203 1313 4261 Ἀντισθένους
1325 4205 1407 4268 λόγον

320 4296 366 4345 τὸν
383 4295 539 4360 πειρώμενον
557 4295 724 4356 (ruotrudem,
743 4295 777 4352 ιέις
795 4296 841 4343 οὐκ
858 4296 929 4345 ἔστιν
941 4293 1091 4360 ἀντιλέγειν,
1104 4293 1179 4352 οὗτος
1192 4295 1290 4358 (Prot.)
1303 4298 1407 4358 πρῶτος

320 4384 459 4447 διείλεκται,
477 4386 544 4435 καθά
562 4396 620 4451 φησι
639 4386 753 4434 Πλάτων
771 4386 798 4434 ἐν
816 4384 956 4449 Εὐθυδήμῳ
974 4386 1034 4446 (286
1055 4385 1106 4447 d).
