3458 5182
946 407 966 467 4

556 588 652 648 VIII.
674 585 722 648 39.
751 593 821 674 περὶ
847 597 1008 670 μουσικῆς·

673 692 722 754 40.
768 720 781 750 ι
846 691 1020 780 ἐξηγητῶν·

673 799 723 859 41.
769 825 782 857 ιι
847 799 998 888 Ὁμήρου.

673 906 722 968 42.
848 905 970 982 ἀδικίας
992 912 1039 972 καὶ
1063 904 1224 993 ἀσεβείας.

672 1009 722 1072 43.
848 1012 1051 1100 Κάλχαντος·

674 1116 722 1176 44.
770 1142 776 1166 ι
847 1120 1056 1183 κατασκόπου.

673 1222 722 1284 45.
846 1222 973 1299 ἡδονῆς.

593 1330 652 1390 ΙΧ.
673 1328 722 1390 46.
848 1327 1045 1405 Ὀδυσσείας·

673 1435 722 1495 47.
846 1446 903 1513 τῆς
924 1433 1064 1523 ῥάβδου·

672 1540 720 1602 48.
743 1543 863 1618 Ἀθηνᾶ
886 1542 905 1618 ἢ
926 1547 996 1629 περὶ
1019 1542 1218 1628 Τηλεμάχου·

672 1647 720 1709 49.
743 1653 813 1734 περὶ
835 1647 970 1724 Ἑλένης
992 1653 1040 1712 καὶ
1064 1646 1266 1724 Πηνελόπης·

671 1753 733 1815 5οῥ
765 1780 778 1812 η
836 1757 1003 1842 Πρτωίως·

673 1859 720 1920 51.
745 1860 887 1944 Κύκλωψ
909 1860 927 1936 ἢ
950 1864 1019 1959 περὶ
1042 1856 1232 1934 Ὀδυσσέως·

671 1964 720 2026 52·
742 1971 813 2053 περὶ
845 1965 934 2031 οίνου
957 1969 1104 2053 χρήσεως
1126 1964 1144 2040 ἢ
1175 1969 1245 2052 περὶ
1267 1969 1366 2048 μέθης
1388 1966 1407 2041 ἢ
1428 1971 1496 2053 περὶ

741 2076 798 2136 τοῦ
821 2071 1009 2147 Κύκλωπος·

671 2175 719 2238 53·
741 2184 810 2263 περὶ
833 2181 962 2265 Κίρκης·

672 2282 719 2343 54·
766 2306 780 2340 ιι
834 2285 1041 2372 Ἀμφιαράου·

672 2387 720 2448 55·
766 2414 779 2446 ιι
834 2399 891 2455 τοῦ
903 2388 1079 2464 Ὀδυσσέως
1091 2393 1139 2453 καὶ
1158 2387 1350 2464 Πηνελόπης
1363 2395 1410 2454 καὶ
1426 2394 1495 2477 περὶ

833 2503 889 2560 τοῦ
912 2498 1019 2571 κυνός·

606 2600 646 2661 X.
670 2600 717 2660 56.
739 2600 901 2687 Ἡρακλῆς
923 2602 941 2676 ἢ
965 2599 1080 2677 Μίδας·

669 2705 718 2766 57.
804 2732 817 2761 υ
926 2731 938 2761 ιι
963 2711 1033 2794 περὶ
1056 2709 1242 2791 φρονήσεως
1266 2706 1284 2780 ἢ
1307 2709 1432 2790 ίσχίιος·

668 2811 716 2872 58.
741 2819 850 2899 Κῦρος
870 2813 889 2888 ἢ
911 2814 1078 2900 ἐρώμενος·

668 2917 716 2977 59.
803 2942 816 2970 η
874 2942 886 2970 v
911 2919 1113 2982 κατάσκοποι·

669 3021 717 3083 60·
741 3021 917 3098 Μενέξενος
939 3022 958 3097 ἢ
980 3028 1049 3108 περὶ
1073 3028 1129 3086 τοῦ
1152 3021 1274 3108 ἄρχειν·

669 3128 717 3189 61·
740 3126 961 3216 Ἀλκιβιάδης·

668 3234 715 3296 62.
739 3234 920 3322 Ἀρχέλαος
941 3235 960 3310 ἢ
982 3240 1052 3319 περὶ
1078 3230 1258 3318 βασιλείας·

448 3337 726 3397 Distributionem
748 3339 870 3398 hancce
891 3339 932 3398 ad
953 3340 1206 3412 grammaticum
1226 3337 1493 3396 Alexandrinum

405 3444 611 3503 referendam
640 3462 708 3504 esse
737 3445 906 3520 probabile
928 3450 989 3518 est,
1024 3447 1098 3521 qui,
1130 3449 1166 3501 ut
1194 3442 1386 3516 Thrasyllus
1413 3443 1493 3501 fecit

405 3553 440 3608 in
476 3550 623 3610 Platonis
648 3553 817 3627 operibus,
840 3554 886 3610 ita
908 3551 1117 3610 Antisthenis
1140 3551 1241 3608 libros
1264 3549 1438 3624 disponere
1461 3556 1493 3608 et

408 3656 573 3730 explicare
595 3661 729 3716 conatus
751 3661 807 3715 est.
830 3654 986 3732 (Mueller
1008 3673 1039 3730 p.
1062 3652 1126 3732 34.)

446 3761 595 3820 Indieem
637 3763 781 3821 breviler
819 3779 1024 3836 percurram3
1062 3767 1228 3820 accuratae
1269 3762 1491 3838 inquisitioni,

403 3873 629 3944 praeterquam
661 3868 749 3945 quod
781 3885 799 3926 a
831 3875 941 3927 nostro
973 3868 1138 3942 proposito
1169 3867 1277 3926 aliena
1299 3876 1362 3939 est,
1393 3885 1492 3942 prava

403 3972 561 4047 Diogenis
583 3975 734 4032 codicum
757 3974 908 4031 condicio
931 3973 1169 4048 impedimento
1185 3978 1242 4033 est.

415 4077 553 4153 ⁴Longa
600 4087 647 4137 est
690 4079 863 4137 titulorum
905 4079 1019 4149 series,
1064 4096 1180 4150 magna
1223 4084 1490 4151 argumentorum

402 4184 553 4252 varietas3
596 4186 815 4242 inveniuntur
857 4185 947 4240 enim
997 4184 1143 4240 cuiusvis
1191 4186 1321 4258 generis
1371 4187 1490 4260 scripta

404 4287 475 4346 scil:

443 4393 620 4452 rhetorica:
653 4394 718 4452 vol.
741 4393 767 4452 I.
