<?xml version="1.0" encoding="UTF-8"?>
<!DOCTYPE html PUBLIC "-//W3C//DTD XHTML 1.0 Transitional//EN"
    "http://www.w3.org/TR/xhtml1/DTD/xhtml1-transitional.dtd">
<html xmlns="http://www.w3.org/1999/xhtml" xml:lang="en" lang="en">
 <head>
  <title>
</title>
<meta http-equiv="Content-Type" content="text/html;charset=utf-8" />
  <meta name='ocr-system' content='tesseract 3.04.00' />
  <meta name='ocr-capabilities' content='ocr_page ocr_carea ocr_par ocr_line ocrx_word'/>
</head>
<body>
  <div class='ocr_page' id='page_1' title='image "./deantisthenisst00lulogoog_0119.png"; bbox 0 0 3458 5182; ppageno 0'>
   <div class='ocr_carea' id='block_1_1' title="bbox 828 346 887 410">
    <p class='ocr_par' dir='ltr' id='par_1_1' title="bbox 828 346 887 410">
     <span class='ocr_line' id='line_1_1' title="bbox 828 346 887 410; baseline 0.034 -2"><span class='ocrx_word' id='word_1_1' title='bbox 828 346 887 410; x_wconf 83' lang='lat'><strong>106</strong></span> 
     </span>
    </p>
   </div>
   <div class='ocr_carea' id='block_1_2' title="bbox 314 527 1402 817">
    <p class='ocr_par' dir='ltr' id='par_1_2' title="bbox 314 527 1402 817">
     <span class='ocr_line' id='line_1_2' title="bbox 314 527 1402 607; baseline -0.002 -17"><span class='ocrx_word' id='word_1_2' title='bbox 314 531 477 603; x_wconf 87' lang='lat' dir='ltr'><strong>hiulcant,</strong></span> <span class='ocrx_word' id='word_1_3' title='bbox 499 531 788 604; x_wconf 78' lang='lat' dir='ltr'><strong>diligentissimam</strong></span> <span class='ocrx_word' id='word_1_4' title='bbox 809 563 850 574; x_wconf 97' lang='lat'>—</span> <span class='ocrx_word' id='word_1_5' title='bbox 871 549 911 589; x_wconf 81' lang='lat' dir='ltr'><strong>ex</strong></span> <span class='ocrx_word' id='word_1_6' title='bbox 932 531 1053 607; x_wconf 91' lang='lat' dir='ltr'><strong>quibus</strong></span> <span class='ocrx_word' id='word_1_7' title='bbox 1075 528 1160 588; x_wconf 90' lang='lat' dir='ltr'><strong>effici</strong></span> <span class='ocrx_word' id='word_1_8' title='bbox 1175 527 1257 588; x_wconf 92' lang='lat' dir='ltr'><strong>mihi</strong></span> <span class='ocrx_word' id='word_1_9' title='bbox 1269 530 1402 589; x_wconf 87' lang='lat' dir='ltr'><strong>videtur</strong></span> 
     </span>
     <span class='ocr_line' id='line_1_3' title="bbox 317 636 1401 696; baseline 0.001 -2"><span class='ocrx_word' id='word_1_10' title='bbox 317 637 528 696; x_wconf 90' lang='lat' dir='ltr'><strong>Benselerum</strong></span> <span class='ocrx_word' id='word_1_11' title='bbox 549 638 675 695; x_wconf 87' lang='lat' dir='ltr'><strong>ratione</strong></span> <span class='ocrx_word' id='word_1_12' title='bbox 697 638 799 696; x_wconf 88' lang='lat' dir='ltr'><strong>nimis</strong></span> <span class='ocrx_word' id='word_1_13' title='bbox 820 638 992 695; x_wconf 85' lang='lat' dir='ltr'><strong>temeraria</strong></span> <span class='ocrx_word' id='word_1_14' title='bbox 1013 637 1125 695; x_wconf 90' lang='lat' dir='ltr'><strong>nisum</strong></span> <span class='ocrx_word' id='word_1_15' title='bbox 1148 636 1401 695; x_wconf 77' lang='lat' dir='ltr'><strong>declamationes</strong></span> 
     </span>
     <span class='ocr_line' id='line_1_4' title="bbox 316 742 744 817; baseline 0.005 -17"><span class='ocrx_word' id='word_1_16' title='bbox 316 742 509 802; x_wconf 79' lang='lat' dir='ltr'><strong>Antistheni</strong></span> <span class='ocrx_word' id='word_1_17' title='bbox 530 743 744 817; x_wconf 85' lang='lat' dir='ltr'><strong>abjudicasse.</strong></span> 
     </span>
    </p>
   </div>
   <div class='ocr_carea' id='block_1_3' title="bbox 263 1058 1405 3782">
    <p class='ocr_par' dir='ltr' id='par_1_3' title="bbox 316 1058 1404 2194">
     <span class='ocr_line' id='line_1_5' title="bbox 357 1058 1404 1135; baseline -0.002 -17"><span class='ocrx_word' id='word_1_18' title='bbox 357 1059 563 1119; x_wconf 79' lang='lat' dir='ltr'><strong>Postremum</strong></span> <span class='ocrx_word' id='word_1_19' title='bbox 585 1059 669 1118; x_wconf 91' lang='lat' dir='ltr'><strong>mihi</strong></span> <span class='ocrx_word' id='word_1_20' title='bbox 691 1058 856 1133; x_wconf 90' lang='lat' dir='ltr'><strong>agendum</strong></span> <span class='ocrx_word' id='word_1_21' title='bbox 877 1063 925 1119; x_wconf 92' lang='lat' dir='ltr'><strong>est</strong></span> <span class='ocrx_word' id='word_1_22' title='bbox 947 1059 987 1118; x_wconf 90' lang='lat' dir='ltr'><strong>de</strong></span> <span class='ocrx_word' id='word_1_23' title='bbox 1009 1061 1150 1131; x_wconf 89' lang='lat' dir='ltr'><strong>ratione,</strong></span> <span class='ocrx_word' id='word_1_24' title='bbox 1173 1075 1272 1135; x_wconf 88' lang='lat' dir='ltr'><strong>quarn</strong></span> <span class='ocrx_word' id='word_1_25' title='bbox 1294 1075 1404 1117; x_wconf 89' lang='lat' dir='ltr'><strong>recen-</strong></span> 
     </span>
     <span class='ocr_line' id='line_1_6' title="bbox 316 1165 1404 1243; baseline -0.001 -18"><span class='ocrx_word' id='word_1_26' title='bbox 316 1168 442 1226; x_wconf 87' lang='lat' dir='ltr'><strong>tissime</strong></span> <span class='ocrx_word' id='word_1_27' title='bbox 484 1169 572 1224; x_wconf 87' lang='lat' dir='ltr'><strong>inter</strong></span> <span class='ocrx_word' id='word_1_28' title='bbox 610 1183 723 1225; x_wconf 92' lang='lat' dir='ltr'><strong>omnes</strong></span> <span class='ocrx_word' id='word_1_29' title='bbox 766 1165 1150 1243; x_wconf 85' lang='lat' dir='ltr'><strong>Radermacherus¹)</strong></span> <span class='ocrx_word' id='word_1_30' title='bbox 1194 1168 1324 1224; x_wconf 88' lang='lat' dir='ltr'><strong>secutus</strong></span> <span class='ocrx_word' id='word_1_31' title='bbox 1356 1168 1404 1224; x_wconf 87' lang='lat' dir='ltr'><strong>est</strong></span> 
     </span>
     <span class='ocr_line' id='line_1_7' title="bbox 317 1270 1404 1347; baseline -0.003 -16"><span class='ocrx_word' id='word_1_32' title='bbox 317 1274 353 1331; x_wconf 93' lang='lat' dir='ltr'><strong>in</strong></span> <span class='ocrx_word' id='word_1_33' title='bbox 395 1272 671 1331; x_wconf 85' lang='lat' dir='ltr'><strong>declamationum</strong></span> <span class='ocrx_word' id='word_1_34' title='bbox 713 1273 840 1344; x_wconf 85' lang='lat' dir='ltr'><strong>origine</strong></span> <span class='ocrx_word' id='word_1_35' title='bbox 876 1271 1085 1347; x_wconf 86' lang='lat' dir='ltr'><strong>exploranda.</strong></span> <span class='ocrx_word' id='word_1_36' title='bbox 1138 1270 1316 1331; x_wconf 80' lang='lat' dir='ltr'><strong>Contendit</strong></span> <span class='ocrx_word' id='word_1_37' title='bbox 1352 1272 1404 1328; x_wconf 83' lang='lat' dir='ltr'><strong>vir</strong></span> 
     </span>
     <span class='ocr_line' id='line_1_8' title="bbox 317 1376 1404 1455; baseline -0.001 -19"><span class='ocrx_word' id='word_1_38' title='bbox 317 1378 431 1437; x_wconf 84' lang='lat' dir='ltr'><strong>doctus</strong></span> <span class='ocrx_word' id='word_1_39' title='bbox 446 1376 717 1435; x_wconf 85' lang='lat' dir='ltr'><strong>declamationem</strong></span> <span class='ocrx_word' id='word_1_40' title='bbox 733 1381 904 1455; x_wconf 87' lang='lat' dir='ltr'><strong>utramque</strong></span> <span class='ocrx_word' id='word_1_41' title='bbox 920 1379 1084 1453; x_wconf 88' lang='lat' dir='ltr'><strong>principio</strong></span> <span class='ocrx_word' id='word_1_42' title='bbox 1099 1376 1252 1436; x_wconf 89' lang='lat' dir='ltr'><strong>habuisse</strong></span> <span class='ocrx_word' id='word_1_43' title='bbox 1263 1377 1404 1436; x_wconf 83' lang='lat' dir='ltr'><strong>formam</strong></span> 
     </span>
     <span class='ocr_line' id='line_1_9' title="bbox 316 1483 1403 1558; baseline -0.002 -14"><span class='ocrx_word' id='word_1_44' title='bbox 316 1484 513 1558; x_wconf 84' lang='lat' dir='ltr'><strong>tragoediae,</strong></span> <span class='ocrx_word' id='word_1_45' title='bbox 529 1486 639 1558; x_wconf 92' lang='lat' dir='ltr'><strong>postea</strong></span> <span class='ocrx_word' id='word_1_46' title='bbox 653 1488 763 1544; x_wconf 90' lang='lat' dir='ltr'><strong>autem</strong></span> <span class='ocrx_word' id='word_1_47' title='bbox 778 1502 831 1544; x_wconf 90' lang='lat' dir='ltr'><strong>eas</strong></span> <span class='ocrx_word' id='word_1_48' title='bbox 847 1502 914 1543; x_wconf 91' lang='lat' dir='ltr'><strong>esse</strong></span> <span class='ocrx_word' id='word_1_49' title='bbox 927 1488 1067 1544; x_wconf 87' lang='lat' dir='ltr'><strong>mutatas</strong></span> <span class='ocrx_word' id='word_1_50' title='bbox 1080 1483 1269 1543; x_wconf 76' lang='lat' dir='ltr'><strong>informem</strong></span> <span class='ocrx_word' id='word_1_51' title='bbox 1280 1483 1403 1543; x_wconf 88' lang='lat' dir='ltr'><strong>solutae</strong></span> 
     </span>
     <span class='ocr_line' id='line_1_10' title="bbox 317 1589 1403 1667; baseline 0 -19"><span class='ocrx_word' id='word_1_52' title='bbox 317 1590 488 1660; x_wconf 87' lang='lat' dir='ltr'><strong>orationis,</strong></span> <span class='ocrx_word' id='word_1_53' title='bbox 522 1589 621 1667; x_wconf 91' lang='lat' dir='ltr'><strong>idque</strong></span> <span class='ocrx_word' id='word_1_54' title='bbox 654 1590 830 1666; x_wconf 88' lang='lat' dir='ltr'><strong>approbare</strong></span> <span class='ocrx_word' id='word_1_55' title='bbox 863 1595 999 1650; x_wconf 89' lang='lat' dir='ltr'><strong>conatur</strong></span> <span class='ocrx_word' id='word_1_56' title='bbox 1031 1609 1048 1649; x_wconf 92' lang='lat' dir='ltr'><strong>e</strong></span> <span class='ocrx_word' id='word_1_57' title='bbox 1081 1590 1193 1649; x_wconf 86' lang='lat' dir='ltr'><strong>crebra</strong></span> <span class='ocrx_word' id='word_1_58' title='bbox 1219 1589 1403 1648; x_wconf 89' lang='lat' dir='ltr'><strong>iamborum</strong></span> 
     </span>
     <span class='ocr_line' id='line_1_11' title="bbox 317 1695 1403 1770; baseline -0.002 -15"><span class='ocrx_word' id='word_1_59' title='bbox 317 1695 564 1767; x_wconf 89' lang='lat' dir='ltr'><strong>coniunctione,</strong></span> <span class='ocrx_word' id='word_1_60' title='bbox 587 1695 708 1770; x_wconf 91' lang='lat' dir='ltr'><strong>quibus</strong></span> <span class='ocrx_word' id='word_1_61' title='bbox 729 1699 854 1754; x_wconf 86' lang='lat' dir='ltr'><strong>constet</strong></span> <span class='ocrx_word' id='word_1_62' title='bbox 876 1696 978 1754; x_wconf 89' lang='lat' dir='ltr'><strong>oratio</strong></span> <span class='ocrx_word' id='word_1_63' title='bbox 1000 1700 1031 1754; x_wconf 92' lang='lat' dir='ltr'><strong>et</strong></span> <span class='ocrx_word' id='word_1_64' title='bbox 1047 1713 1088 1754; x_wconf 84' lang='lat' dir='ltr'><strong>ex</strong></span> <span class='ocrx_word' id='word_1_65' title='bbox 1103 1696 1240 1768; x_wconf 89' lang='lat' dir='ltr'><strong>integris</strong></span> <span class='ocrx_word' id='word_1_66' title='bbox 1252 1696 1403 1769; x_wconf 88' lang='lat' dir='ltr'><strong>senariis,</strong></span> 
     </span>
     <span class='ocr_line' id='line_1_12' title="bbox 317 1799 1404 1878; baseline 0.001 -20"><span class='ocrx_word' id='word_1_67' title='bbox 317 1818 398 1878; x_wconf 90' lang='lat' dir='ltr'><strong>quos</strong></span> <span class='ocrx_word' id='word_1_68' title='bbox 420 1799 588 1858; x_wconf 89' lang='lat' dir='ltr'><strong>lenissima</strong></span> <span class='ocrx_word' id='word_1_69' title='bbox 608 1803 738 1858; x_wconf 86' lang='lat' dir='ltr'><strong>tantum</strong></span> <span class='ocrx_word' id='word_1_70' title='bbox 759 1800 940 1858; x_wconf 90' lang='lat' dir='ltr'><strong>mutatione</strong></span> <span class='ocrx_word' id='word_1_71' title='bbox 962 1799 1126 1872; x_wconf 86' lang='lat' dir='ltr'><strong>adhibita,</strong></span> <span class='ocrx_word' id='word_1_72' title='bbox 1149 1800 1185 1857; x_wconf 93' lang='lat' dir='ltr'><strong>in</strong></span> <span class='ocrx_word' id='word_1_73' title='bbox 1201 1799 1404 1859; x_wconf 90' lang='lat' dir='ltr'><strong>orationibus</strong></span> 
     </span>
     <span class='ocr_line' id='line_1_13' title="bbox 317 1905 1400 1981; baseline -0.001 -17"><span class='ocrx_word' id='word_1_74' title='bbox 317 1908 505 1965; x_wconf 85' lang='lat' dir='ltr'><strong>etiamnunc</strong></span> <span class='ocrx_word' id='word_1_75' title='bbox 527 1909 669 1964; x_wconf 88' lang='lat' dir='ltr'><strong>servatos</strong></span> <span class='ocrx_word' id='word_1_76' title='bbox 691 1908 856 1964; x_wconf 89' lang='lat' dir='ltr'><strong>invenisse</strong></span> <span class='ocrx_word' id='word_1_77' title='bbox 877 1905 941 1965; x_wconf 90' lang='lat' dir='ltr'><strong>sibi</strong></span> <span class='ocrx_word' id='word_1_78' title='bbox 957 1906 1098 1965; x_wconf 88' lang='lat' dir='ltr'><strong>videtur.</strong></span> <span class='ocrx_word' id='word_1_79' title='bbox 1122 1905 1244 1981; x_wconf 87' lang='lat' dir='ltr'><strong>Operae</strong></span> <span class='ocrx_word' id='word_1_80' title='bbox 1256 1907 1400 1981; x_wconf 88' lang='lat' dir='ltr'><strong>pretium</strong></span> 
     </span>
     <span class='ocr_line' id='line_1_14' title="bbox 317 2013 1401 2089; baseline -0.001 -18"><span class='ocrx_word' id='word_1_81' title='bbox 317 2017 364 2071; x_wconf 85' lang='lat' dir='ltr'><strong>est</strong></span> <span class='ocrx_word' id='word_1_82' title='bbox 385 2029 485 2089; x_wconf 90' lang='lat' dir='ltr'><strong>quam</strong></span> <span class='ocrx_word' id='word_1_83' title='bbox 505 2013 745 2071; x_wconf 86' lang='lat' dir='ltr'><strong>accuratissime</strong></span> <span class='ocrx_word' id='word_1_84' title='bbox 767 2028 914 2086; x_wconf 91' lang='lat' dir='ltr'><strong>possum,</strong></span> <span class='ocrx_word' id='word_1_85' title='bbox 937 2013 972 2070; x_wconf 92' lang='lat' dir='ltr'><strong>in</strong></span> <span class='ocrx_word' id='word_1_86' title='bbox 988 2030 1061 2070; x_wconf 89' lang='lat' dir='ltr'><strong>eam</strong></span> <span class='ocrx_word' id='word_1_87' title='bbox 1075 2014 1238 2071; x_wconf 90' lang='lat' dir='ltr'><strong>rationem</strong></span> <span class='ocrx_word' id='word_1_88' title='bbox 1253 2014 1401 2086; x_wconf 92' lang='lat' dir='ltr'><strong>ingenio·</strong></span> 
     </span>
     <span class='ocr_line' id='line_1_15' title="bbox 317 2116 1113 2194; baseline 0 -18"><span class='ocrx_word' id='word_1_89' title='bbox 317 2119 480 2177; x_wconf 90' lang='lat' dir='ltr'><strong>sissimam</strong></span> <span class='ocrx_word' id='word_1_90' title='bbox 502 2116 638 2193; x_wconf 91' lang='lat' dir='ltr'><strong>quidem</strong></span> <span class='ocrx_word' id='word_1_91' title='bbox 659 2116 716 2175; x_wconf 89' lang='lat' dir='ltr'><strong>sed</strong></span> <span class='ocrx_word' id='word_1_92' title='bbox 737 2116 914 2190; x_wconf 85' lang='lat' dir='ltr'><strong>lubricam,</strong></span> <span class='ocrx_word' id='word_1_93' title='bbox 937 2118 1113 2194; x_wconf 89' lang='lat' dir='ltr'><strong>inquirere.</strong></span> 
     </span>
    </p>

    <p class='ocr_par' dir='ltr' id='par_1_4' title="bbox 263 2222 1405 3782">
     <span class='ocr_line' id='line_1_16' title="bbox 263 2222 1403 2299; baseline 0.004 -21"><span class='ocrx_word' id='word_1_94' title='bbox 263 2274 265 2278; x_wconf 81' lang='grc'>,</span> <span class='ocrx_word' id='word_1_95' title='bbox 358 2223 492 2281; x_wconf 84' lang='lat' dir='ltr'><strong>Etenim</strong></span> <span class='ocrx_word' id='word_1_96' title='bbox 514 2223 736 2296; x_wconf 78' lang='lat' dir='ltr'><strong>investigandi</strong></span> <span class='ocrx_word' id='word_1_97' title='bbox 758 2225 854 2295; x_wconf 84' lang='lat' dir='ltr'><strong>ratio,</strong></span> <span class='ocrx_word' id='word_1_98' title='bbox 877 2240 941 2299; x_wconf 91' lang='lat' dir='ltr'><strong>qua</strong></span> <span class='ocrx_word' id='word_1_99' title='bbox 959 2222 1238 2283; x_wconf 88' lang='lat' dir='ltr'><strong>Radermacherus</strong></span> <span class='ocrx_word' id='word_1_100' title='bbox 1254 2241 1345 2296; x_wconf 91' lang='lat' dir='ltr'><strong>usus,</strong></span> <span class='ocrx_word' id='word_1_101' title='bbox 1361 2242 1403 2282; x_wconf 89' lang='lat' dir='ltr'><strong>ne</strong></span> 
     </span>
     <span class='ocr_line' id='line_1_17' title="bbox 317 2328 1404 2404; baseline 0.001 -17"><span class='ocrx_word' id='word_1_102' title='bbox 317 2330 425 2387; x_wconf 87' lang='lat' dir='ltr'><strong>dicam</strong></span> <span class='ocrx_word' id='word_1_103' title='bbox 455 2328 575 2387; x_wconf 90' lang='lat' dir='ltr'><strong>abusus</strong></span> <span class='ocrx_word' id='word_1_104' title='bbox 597 2332 658 2400; x_wconf 86' lang='lat' dir='ltr'><strong>est,</strong></span> <span class='ocrx_word' id='word_1_105' title='bbox 685 2329 713 2385; x_wconf 92' lang='lat' dir='ltr'><strong>si</strong></span> <span class='ocrx_word' id='word_1_106' title='bbox 736 2329 772 2385; x_wconf 92' lang='lat' dir='ltr'><strong>in</strong></span> <span class='ocrx_word' id='word_1_107' title='bbox 794 2328 986 2387; x_wconf 93' lang='lat' dir='ltr'><strong>huiusmodi</strong></span> <span class='ocrx_word' id='word_1_108' title='bbox 1008 2328 1296 2404; x_wconf 89' lang='lat' dir='ltr'><strong>disquisitionibus</strong></span> <span class='ocrx_word' id='word_1_109' title='bbox 1318 2330 1404 2389; x_wconf 88' lang='lat' dir='ltr'><strong>vale·</strong></span> 
     </span>
     <span class='ocr_line' id='line_1_18' title="bbox 317 2434 1404 2511; baseline 0 -17"><span class='ocrx_word' id='word_1_110' title='bbox 317 2435 380 2502; x_wconf 88' lang='lat' dir='ltr'><strong>bit,</strong></span> <span class='ocrx_word' id='word_1_111' title='bbox 413 2452 526 2493; x_wconf 88' lang='lat' dir='ltr'><strong>vereor</strong></span> <span class='ocrx_word' id='word_1_112' title='bbox 558 2451 599 2491; x_wconf 86' lang='lat' dir='ltr'><strong>ne</strong></span> <span class='ocrx_word' id='word_1_113' title='bbox 632 2434 795 2508; x_wconf 91' lang='lat' dir='ltr'><strong>permulta</strong></span> <span class='ocrx_word' id='word_1_114' title='bbox 827 2451 910 2510; x_wconf 87' lang='lat' dir='ltr'><strong>quae</strong></span> <span class='ocrx_word' id='word_1_115' title='bbox 940 2451 1032 2508; x_wconf 90' lang='lat' dir='ltr'><strong>prosa</strong></span> <span class='ocrx_word' id='word_1_116' title='bbox 1055 2436 1200 2493; x_wconf 88' lang='lat' dir='ltr'><strong>oratione</strong></span> <span class='ocrx_word' id='word_1_117' title='bbox 1222 2437 1404 2511; x_wconf 89' lang='lat' dir='ltr'><strong>conscripta</strong></span> 
     </span>
     <span class='ocr_line' id='line_1_19' title="bbox 317 2538 1401 2625; baseline 0.001 -27"><span class='ocrx_word' id='word_1_118' title='bbox 317 2544 393 2598; x_wconf 90' lang='lat' dir='ltr'><strong>sunt</strong></span> <span class='ocrx_word' id='word_1_119' title='bbox 415 2557 492 2598; x_wconf 82' lang='lat' dir='ltr'><strong>mox</strong></span> <span class='ocrx_word' id='word_1_120' title='bbox 513 2544 701 2614; x_wconf 85' lang='lat' dir='ltr'><strong>poematum</strong></span> <span class='ocrx_word' id='word_1_121' title='bbox 722 2539 939 2625; x_wconf 77' lang='grc' dir='ltr'>παραφράσεις</span> <span class='ocrx_word' id='word_1_122' title='bbox 954 2538 1069 2599; x_wconf 85' lang='lat' dir='ltr'><strong>multis</strong></span> <span class='ocrx_word' id='word_1_123' title='bbox 1086 2541 1269 2599; x_wconf 86' lang='lat' dir='ltr'><strong>videantur.</strong></span> <span class='ocrx_word' id='word_1_124' title='bbox 1292 2541 1401 2600; x_wconf 92' lang='lat' dir='ltr'><strong>Habet</strong></span> 
     </span>
     <span class='ocr_line' id='line_1_20' title="bbox 317 2644 1403 2729; baseline 0.002 -27"><span class='ocrx_word' id='word_1_125' title='bbox 317 2647 407 2703; x_wconf 89' lang='lat' dir='ltr'><strong>enim</strong></span> <span class='ocrx_word' id='word_1_126' title='bbox 439 2647 500 2704; x_wconf 89' lang='lat' dir='ltr'><strong>hoc</strong></span> <span class='ocrx_word' id='word_1_127' title='bbox 531 2649 638 2702; x_wconf 85' lang='lat' dir='ltr'><strong>totum</strong></span> <span class='ocrx_word' id='word_1_128' title='bbox 671 2644 755 2703; x_wconf 89' lang='lat' dir='ltr'><strong>illud</strong></span> <span class='ocrx_word' id='word_1_129' title='bbox 788 2644 1065 2703; x_wconf 84' lang='lat' dir='ltr'><strong>declamationum</strong></span> <span class='ocrx_word' id='word_1_130' title='bbox 1098 2662 1216 2729; x_wconf 89' lang='lat' dir='ltr'><strong>genus,</strong></span> <span class='ocrx_word' id='word_1_131' title='bbox 1250 2644 1291 2704; x_wconf 89' lang='lat' dir='ltr'><strong>ad</strong></span> <span class='ocrx_word' id='word_1_132' title='bbox 1314 2645 1403 2721; x_wconf 91' lang='lat' dir='ltr'><strong>quod</strong></span> 
     </span>
     <span class='ocr_line' id='line_1_21' title="bbox 318 2750 1405 2828; baseline -0.001 -19"><span class='ocrx_word' id='word_1_133' title='bbox 318 2752 403 2810; x_wconf 85' lang='lat' dir='ltr'><strong>Aiax</strong></span> <span class='ocrx_word' id='word_1_134' title='bbox 440 2757 536 2828; x_wconf 90' lang='lat' dir='ltr'><strong>atque</strong></span> <span class='ocrx_word' id='word_1_135' title='bbox 576 2750 692 2811; x_wconf 82' lang='lat' dir='ltr'><strong>Ulixes</strong></span> <span class='ocrx_word' id='word_1_136' title='bbox 730 2752 913 2825; x_wconf 88' lang='lat' dir='ltr'><strong>pertinent,</strong></span> <span class='ocrx_word' id='word_1_137' title='bbox 953 2750 1041 2827; x_wconf 91' lang='lat' dir='ltr'><strong>quod</strong></span> <span class='ocrx_word' id='word_1_138' title='bbox 1074 2751 1248 2811; x_wconf 90' lang='lat' dir='ltr'><strong>artificiosa</strong></span> <span class='ocrx_word' id='word_1_139' title='bbox 1279 2753 1405 2810; x_wconf 89' lang='lat' dir='ltr'><strong>ratione</strong></span> 
     </span>
     <span class='ocr_line' id='line_1_22' title="bbox 317 2856 1404 2933; baseline 0.002 -19"><span class='ocrx_word' id='word_1_140' title='bbox 317 2857 449 2916; x_wconf 90' lang='lat' dir='ltr'><strong>dicendi</strong></span> <span class='ocrx_word' id='word_1_141' title='bbox 483 2856 802 2932; x_wconf 88' lang='lat' dir='ltr'><strong>diligentissimaque</strong></span> <span class='ocrx_word' id='word_1_142' title='bbox 836 2859 1071 2932; x_wconf 87' lang='lat' dir='ltr'><strong>compositione</strong></span> <span class='ocrx_word' id='word_1_143' title='bbox 1104 2876 1198 2933; x_wconf 90' lang='lat' dir='ltr'><strong>saepe</strong></span> <span class='ocrx_word' id='word_1_144' title='bbox 1220 2876 1238 2916; x_wconf 90' lang='lat' dir='ltr'><strong>a</strong></span> <span class='ocrx_word' id='word_1_145' title='bbox 1259 2857 1404 2916; x_wconf 89' lang='lat' dir='ltr'><strong>dictione</strong></span> 
     </span>
     <span class='ocr_line' id='line_1_23' title="bbox 317 2961 1404 3040; baseline -0.001 -19"><span class='ocrx_word' id='word_1_146' title='bbox 317 2965 441 3039; x_wconf 89' lang='lat' dir='ltr'><strong>poetica</strong></span> <span class='ocrx_word' id='word_1_147' title='bbox 463 2979 578 3037; x_wconf 91' lang='lat' dir='ltr'><strong>parum</strong></span> <span class='ocrx_word' id='word_1_148' title='bbox 600 2964 656 3019; x_wconf 86' lang='lat' dir='ltr'><strong>aut</strong></span> <span class='ocrx_word' id='word_1_149' title='bbox 677 2961 763 3019; x_wconf 91' lang='lat' dir='ltr'><strong>nihil</strong></span> <span class='ocrx_word' id='word_1_150' title='bbox 786 2961 901 3034; x_wconf 86' lang='lat' dir='ltr'><strong>distat,</strong></span> <span class='ocrx_word' id='word_1_151' title='bbox 922 2961 956 3020; x_wconf 90' lang='lat' dir='ltr'><strong>id</strong></span> <span class='ocrx_word' id='word_1_152' title='bbox 974 2964 1062 3040; x_wconf 92' lang='lat' dir='ltr'><strong>quod</strong></span> <span class='ocrx_word' id='word_1_153' title='bbox 1080 2963 1177 3022; x_wconf 87' lang='lat' dir='ltr'><strong>facile</strong></span> <span class='ocrx_word' id='word_1_154' title='bbox 1189 2964 1236 3023; x_wconf 86' lang='lat' dir='ltr'><strong>sic</strong></span> <span class='ocrx_word' id='word_1_155' title='bbox 1248 2963 1404 3039; x_wconf 84' lang='lat' dir='ltr'><strong>explicari</strong></span> 
     </span>
     <span class='ocr_line' id='line_1_24' title="bbox 317 3065 1404 3146; baseline 0.002 -20"><span class='ocrx_word' id='word_1_156' title='bbox 317 3072 439 3144; x_wconf 89' lang='lat' dir='ltr'><strong>potest:</strong></span> <span class='ocrx_word' id='word_1_157' title='bbox 471 3065 511 3126; x_wconf 81' lang='lat'><strong>1⁰.</strong></span> <span class='ocrx_word' id='word_1_158' title='bbox 534 3067 696 3126; x_wconf 89' lang='lat' dir='ltr'><strong>eiusmodi</strong></span> <span class='ocrx_word' id='word_1_159' title='bbox 719 3069 821 3127; x_wconf 89' lang='lat' dir='ltr'><strong>oratio</strong></span> <span class='ocrx_word' id='word_1_160' title='bbox 844 3069 1038 3146; x_wconf 88' lang='lat' dir='ltr'><strong>plerumque</strong></span> <span class='ocrx_word' id='word_1_161' title='bbox 1061 3070 1174 3144; x_wconf 90' lang='lat' dir='ltr'><strong>figuris</strong></span> <span class='ocrx_word' id='word_1_162' title='bbox 1196 3070 1404 3146; x_wconf 89' lang='lat' dir='ltr'><strong>periodisque</strong></span> 
     </span>
     <span class='ocr_line' id='line_1_25' title="bbox 317 3173 1404 3251; baseline -0.002 -17"><span class='ocrx_word' id='word_1_163' title='bbox 317 3174 479 3244; x_wconf 86' lang='lat' dir='ltr'><strong>abundat;</strong></span> <span class='ocrx_word' id='word_1_164' title='bbox 512 3173 553 3234; x_wconf 81' lang='lat'><strong>2⁰.</strong></span> <span class='ocrx_word' id='word_1_165' title='bbox 587 3191 702 3249; x_wconf 90' lang='lat' dir='ltr'><strong>parum</strong></span> <span class='ocrx_word' id='word_1_166' title='bbox 734 3174 896 3251; x_wconf 85' lang='lat' dir='ltr'><strong>discrepat</strong></span> <span class='ocrx_word' id='word_1_167' title='bbox 922 3193 940 3233; x_wconf 89' lang='lat' dir='ltr'><strong>a</strong></span> <span class='ocrx_word' id='word_1_168' title='bbox 966 3177 1091 3251; x_wconf 90' lang='lat' dir='ltr'><strong>poetico</strong></span> <span class='ocrx_word' id='word_1_169' title='bbox 1117 3175 1250 3234; x_wconf 93' lang='lat' dir='ltr'><strong>dicendi</strong></span> <span class='ocrx_word' id='word_1_170' title='bbox 1272 3192 1404 3249; x_wconf 87' lang='lat' dir='ltr'><strong>genere,</strong></span> 
     </span>
     <span class='ocr_line' id='line_1_26' title="bbox 316 3281 1403 3358; baseline 0 -20"><span class='ocrx_word' id='word_1_171' title='bbox 316 3298 516 3357; x_wconf 90' lang='lat' dir='ltr'><strong>quamquam</strong></span> <span class='ocrx_word' id='word_1_172' title='bbox 548 3298 729 3358; x_wconf 88' lang='lat' dir='ltr'><strong>numquam</strong></span> <span class='ocrx_word' id='word_1_173' title='bbox 761 3281 940 3340; x_wconf 89' lang='lat' dir='ltr'><strong>immodico</strong></span> <span class='ocrx_word' id='word_1_174' title='bbox 973 3284 1119 3358; x_wconf 87' lang='lat' dir='ltr'><strong>poeticae</strong></span> <span class='ocrx_word' id='word_1_175' title='bbox 1153 3281 1309 3341; x_wconf 88' lang='lat' dir='ltr'><strong>dictionis</strong></span> <span class='ocrx_word' id='word_1_176' title='bbox 1341 3297 1403 3340; x_wconf 92' lang='lat' dir='ltr'><strong>usu</strong></span> 
     </span>
     <span class='ocr_line' id='line_1_27' title="bbox 316 3382 1405 3462; baseline -0.001 -17"><span class='ocrx_word' id='word_1_177' title='bbox 316 3404 447 3462; x_wconf 88' lang='lat' dir='ltr'><strong>prorsus</strong></span> <span class='ocrx_word' id='word_1_178' title='bbox 468 3385 589 3446; x_wconf 89' lang='lat' dir='ltr'><strong>similis</strong></span> <span class='ocrx_word' id='word_1_179' title='bbox 611 3390 658 3445; x_wconf 89' lang='lat' dir='ltr'><strong>est</strong></span> <span class='ocrx_word' id='word_1_180' title='bbox 681 3387 788 3461; x_wconf 80' lang='lat' dir='ltr'><strong>poesi3</strong></span> <span class='ocrx_word' id='word_1_181' title='bbox 810 3382 853 3445; x_wconf 88' lang='lat'><strong>3⁰.</strong></span> <span class='ocrx_word' id='word_1_182' title='bbox 876 3389 978 3444; x_wconf 88' lang='lat' dir='ltr'><strong>oratio</strong></span> <span class='ocrx_word' id='word_1_183' title='bbox 1002 3386 1059 3445; x_wconf 94' lang='lat' dir='ltr'><strong>illa</strong></span> <span class='ocrx_word' id='word_1_184' title='bbox 1081 3402 1255 3445; x_wconf 89' lang='lat' dir='ltr'><strong>numerose</strong></span> <span class='ocrx_word' id='word_1_185' title='bbox 1278 3386 1405 3460; x_wconf 91' lang='lat' dir='ltr'><strong>saepius</strong></span> 
     </span>
     <span class='ocr_line' id='line_1_28' title="bbox 316 3491 1405 3571; baseline -0.002 -20"><span class='ocrx_word' id='word_1_186' title='bbox 316 3493 400 3552; x_wconf 74' lang='lat' dir='ltr'><strong>fluit,</strong></span> <span class='ocrx_word' id='word_1_187' title='bbox 413 3492 442 3571; x_wconf 70' lang='grc' dir='ltr'><strong>Ξ)</strong></span> <span class='ocrx_word' id='word_1_188' title='bbox 484 3491 533 3550; x_wconf 93' lang='lat' dir='ltr'><strong>De</strong></span> <span class='ocrx_word' id='word_1_189' title='bbox 555 3492 669 3567; x_wconf 91' lang='lat' dir='ltr'><strong>figuris</strong></span> <span class='ocrx_word' id='word_1_190' title='bbox 691 3493 757 3551; x_wconf 86' lang='lat' dir='ltr'><strong>iarn</strong></span> <span class='ocrx_word' id='word_1_191' title='bbox 779 3493 881 3552; x_wconf 89' lang='lat' dir='ltr'><strong>locuti</strong></span> <span class='ocrx_word' id='word_1_192' title='bbox 903 3511 1034 3562; x_wconf 89' lang='lat' dir='ltr'><strong>sumus;</strong></span> <span class='ocrx_word' id='word_1_193' title='bbox 1057 3497 1217 3570; x_wconf 88' lang='lat' dir='ltr'><strong>quatenus</strong></span> <span class='ocrx_word' id='word_1_194' title='bbox 1238 3492 1405 3568; x_wconf 87' lang='lat' dir='ltr'><strong>poeticum</strong></span> 
     </span>
     <span class='ocr_line' id='line_1_29' title="bbox 316 3596 1404 3673; baseline -0.003 -17"><span class='ocrx_word' id='word_1_195' title='bbox 316 3598 449 3657; x_wconf 90' lang='lat' dir='ltr'><strong>dicendi</strong></span> <span class='ocrx_word' id='word_1_196' title='bbox 482 3615 585 3672; x_wconf 89' lang='lat' dir='ltr'><strong>genus</strong></span> <span class='ocrx_word' id='word_1_197' title='bbox 607 3597 762 3657; x_wconf 88' lang='lat' dir='ltr'><strong>adhibere</strong></span> <span class='ocrx_word' id='word_1_198' title='bbox 785 3598 821 3655; x_wconf 93' lang='lat' dir='ltr'><strong>in</strong></span> <span class='ocrx_word' id='word_1_199' title='bbox 845 3615 938 3673; x_wconf 88' lang='lat' dir='ltr'><strong>prosa</strong></span> <span class='ocrx_word' id='word_1_200' title='bbox 959 3599 1104 3657; x_wconf 86' lang='lat' dir='ltr'><strong>oratione</strong></span> <span class='ocrx_word' id='word_1_201' title='bbox 1127 3598 1226 3656; x_wconf 90' lang='lat' dir='ltr'><strong>licere</strong></span> <span class='ocrx_word' id='word_1_202' title='bbox 1248 3596 1404 3655; x_wconf 92' lang='lat' dir='ltr'><strong>nonnulli</strong></span> 
     </span>
     <span class='ocr_line' id='line_1_30' title="bbox 317 3700 1404 3782; baseline -0.004 -18"><span class='ocrx_word' id='word_1_203' title='bbox 317 3708 485 3782; x_wconf 89' lang='lat' dir='ltr'><strong>putarent,</strong></span> <span class='ocrx_word' id='word_1_204' title='bbox 507 3705 574 3761; x_wconf 89' lang='lat' dir='ltr'><strong>iam</strong></span> <span class='ocrx_word' id='word_1_205' title='bbox 595 3702 787 3762; x_wconf 88' lang='lat' dir='ltr'><strong>Aristoteles</strong></span> <span class='ocrx_word' id='word_1_206' title='bbox 808 3703 845 3760; x_wconf 93' lang='lat' dir='ltr'><strong>in</strong></span> <span class='ocrx_word' id='word_1_207' title='bbox 867 3700 1051 3761; x_wconf 87' lang='lat' dir='ltr'><strong>Rhetoricis</strong></span> <span class='ocrx_word' id='word_1_208' title='bbox 1073 3703 1239 3778; x_wconf 83' lang='lat' dir='ltr'><strong>exposuit,</strong></span> <span class='ocrx_word' id='word_1_209' title='bbox 1255 3700 1283 3779; x_wconf 87' lang='lat'><strong>³)</strong></span> <span class='ocrx_word' id='word_1_210' title='bbox 1306 3705 1404 3761; x_wconf 86' lang='lat' dir='ltr'><strong>restat</strong></span> 
     </span>
    </p>
   </div>
   <div class='ocr_carea' id='block_1_4' title="bbox 350 4005 1407 4075">
    <p class='ocr_par' dir='ltr' id='par_1_5' title="bbox 350 4005 1407 4075">
     <span class='ocr_line' id='line_1_31' title="bbox 350 4005 1407 4075; baseline -0.008 -14"><span class='ocrx_word' id='word_1_211' title='bbox 350 4011 373 4075; x_wconf 88' lang='lat'><strong>¹)</strong></span> <span class='ocrx_word' id='word_1_212' title='bbox 407 4011 474 4063; x_wconf 86' lang='lat' dir='ltr'><strong>Mus.</strong></span> <span class='ocrx_word' id='word_1_213' title='bbox 503 4011 586 4060; x_wconf 89' lang='lat' dir='ltr'><strong>Rhen.</strong></span> <span class='ocrx_word' id='word_1_214' title='bbox 613 4011 689 4070; x_wconf 80' lang='lat'><strong>1892,</strong></span> <span class='ocrx_word' id='word_1_215' title='bbox 723 4024 748 4072; x_wconf 88' lang='lat' dir='ltr'><strong>p.</strong></span> <span class='ocrx_word' id='word_1_216' title='bbox 774 4009 915 4058; x_wconf 78' lang='lat' dir='ltr'><strong>sos-577:</strong></span> <span class='ocrx_word' id='word_1_217' title='bbox 941 4007 1010 4069; x_wconf 84' lang='lat' dir='ltr'><strong>„Der</strong></span> <span class='ocrx_word' id='word_1_218' title='bbox 1035 4006 1100 4056; x_wconf 88' lang='lat' dir='ltr'><strong>Aias</strong></span> <span class='ocrx_word' id='word_1_219' title='bbox 1124 4006 1181 4054; x_wconf 93' lang='lat' dir='ltr'><strong>und</strong></span> <span class='ocrx_word' id='word_1_220' title='bbox 1206 4005 1336 4069; x_wconf 87' lang='lat' dir='ltr'><strong>Odysseus</strong></span> <span class='ocrx_word' id='word_1_221' title='bbox 1360 4005 1407 4054; x_wconf 90' lang='lat' dir='ltr'><strong>des</strong></span> 
     </span>
    </p>
   </div>
   <div class='ocr_carea' id='block_1_5' title="bbox 317 4099 1406 4437">
    <p class='ocr_par' dir='ltr' id='par_1_6' title="bbox 318 4099 517 4151">
     <span class='ocr_line' id='line_1_32' title="bbox 318 4099 517 4151; baseline -0.015 0"><span class='ocrx_word' id='word_1_222' title='bbox 318 4099 517 4151; x_wconf 84' lang='lat' dir='ltr'><strong>Antisthenes.”</strong></span> 
     </span>
    </p>

    <p class='ocr_par' dir='ltr' id='par_1_7' title="bbox 350 4186 1125 4255">
     <span class='ocr_line' id='line_1_33' title="bbox 350 4186 1125 4255; baseline -0.005 -15"><span class='ocrx_word' id='word_1_223' title='bbox 350 4190 373 4255; x_wconf 84' lang='lat'><strong>²)</strong></span> <span class='ocrx_word' id='word_1_224' title='bbox 407 4192 441 4241; x_wconf 82' lang='lat' dir='ltr'><strong>ci.</strong></span> <span class='ocrx_word' id='word_1_225' title='bbox 458 4191 565 4239; x_wconf 87' lang='lat' dir='ltr'><strong>Norden</strong></span> <span class='ocrx_word' id='word_1_226' title='bbox 582 4189 625 4250; x_wconf 90' lang='lat' dir='ltr'><strong>ll.,</strong></span> <span class='ocrx_word' id='word_1_227' title='bbox 643 4204 667 4253; x_wconf 91' lang='lat' dir='ltr'><strong>p.</strong></span> <span class='ocrx_word' id='word_1_228' title='bbox 687 4189 791 4238; x_wconf 80' lang='lat'>50-54.</span> <span class='ocrx_word' id='word_1_229' title='bbox 809 4215 841 4224; x_wconf 92' lang='lat'>-</span> <span class='ocrx_word' id='word_1_230' title='bbox 858 4187 909 4238; x_wconf 80' lang='lat' dir='ltr'><strong>(lic.</strong></span> <span class='ocrx_word' id='word_1_231' title='bbox 930 4186 1006 4236; x_wconf 86' lang='lat' dir='ltr'><strong>Orat.</strong></span> <span class='ocrx_word' id='word_1_232' title='bbox 1024 4186 1070 4234; x_wconf 88' lang='grc'><strong>189</strong></span> <span class='ocrx_word' id='word_1_233' title='bbox 1087 4199 1125 4246; x_wconf 90' lang='lat' dir='ltr'><strong>sq.</strong></span> 
     </span>
    </p>

    <p class='ocr_par' dir='ltr' id='par_1_8' title="bbox 317 4272 1406 4437">
     <span class='ocr_line' id='line_1_34' title="bbox 349 4272 1406 4346; baseline -0.006 -16"><span class='ocrx_word' id='word_1_234' title='bbox 349 4281 374 4346; x_wconf 79' lang='lat'><strong>⁸)</strong></span> <span class='ocrx_word' id='word_1_235' title='bbox 408 4284 490 4330; x_wconf 83' lang='lat' dir='ltr'><strong>Arist.</strong></span> <span class='ocrx_word' id='word_1_236' title='bbox 506 4281 582 4332; x_wconf 88' lang='lat' dir='ltr'><strong>Rhet.</strong></span> <span class='ocrx_word' id='word_1_237' title='bbox 601 4280 653 4340; x_wconf 92' lang='grc' dir='ltr'><strong>ΙΙΙ,</strong></span> <span class='ocrx_word' id='word_1_238' title='bbox 672 4276 847 4328; x_wconf 75' lang='grc' dir='ltr'>1.;ἐπεὶδόἱ</span> <span class='ocrx_word' id='word_1_239' title='bbox 865 4276 968 4337; x_wconf 75' lang='grc' dir='ltr'>ποιηταὶ</span> <span class='ocrx_word' id='word_1_240' title='bbox 986 4274 1107 4340; x_wconf 76' lang='grc' dir='ltr'><strong>λέγοντες</strong></span> <span class='ocrx_word' id='word_1_241' title='bbox 1125 4272 1204 4334; x_wconf 73' lang='grc' dir='ltr'><strong><em>εὐήθη</em></strong></span> <span class='ocrx_word' id='word_1_242' title='bbox 1222 4272 1264 4322; x_wconf 79' lang='grc' dir='ltr'><strong>διὰ</strong></span> <span class='ocrx_word' id='word_1_243' title='bbox 1281 4275 1329 4334; x_wconf 80' lang='grc' dir='ltr'><strong>τὴν</strong></span> <span class='ocrx_word' id='word_1_244' title='bbox 1336 4273 1406 4331; x_wconf 78' lang='grc' dir='ltr'><strong>λέξιν</strong></span> 
     </span>
     <span class='ocr_line' id='line_1_35' title="bbox 317 4363 1404 4437; baseline -0.007 -14"><span class='ocrx_word' id='word_1_245' title='bbox 317 4373 420 4424; x_wconf 78' lang='grc' dir='ltr'>ἐδόκουν</span> <span class='ocrx_word' id='word_1_246' title='bbox 446 4370 604 4437; x_wconf 64' lang='grc' dir='ltr'>πορίσασθαι</span> <span class='ocrx_word' id='word_1_247' title='bbox 627 4369 701 4430; x_wconf 81' lang='grc' dir='ltr'><em>τήνδε</em></span> <span class='ocrx_word' id='word_1_248' title='bbox 723 4369 772 4430; x_wconf 78' lang='grc' dir='ltr'><strong>τὴν</strong></span> <span class='ocrx_word' id='word_1_249' title='bbox 789 4366 876 4431; x_wconf 60' lang='grc' dir='ltr'><em>δόξαν,</em></span> <span class='ocrx_word' id='word_1_250' title='bbox 898 4366 939 4417; x_wconf 81' lang='grc' dir='ltr'><strong>διὰ</strong></span> <span class='ocrx_word' id='word_1_251' title='bbox 961 4369 1037 4417; x_wconf 84' lang='grc' dir='ltr'>τοῦτο</span> <span class='ocrx_word' id='word_1_252' title='bbox 1061 4365 1179 4426; x_wconf 78' lang='grc' dir='ltr'>ποιητικὴ</span> <span class='ocrx_word' id='word_1_253' title='bbox 1197 4364 1287 4431; x_wconf 72' lang='grc' dir='ltr'>πρώτη</span> <span class='ocrx_word' id='word_1_254' title='bbox 1305 4363 1404 4432; x_wconf 72' lang='grc' dir='ltr'><strong>ἐγένετο</strong></span> 
     </span>
    </p>
   </div>
   <div class='ocr_carea' id='block_1_6' title="bbox 0 0 1734 5182">
    <p class='ocr_par' dir='ltr' id='par_1_9' title="bbox 0 0 1734 5182">
     <span class='ocr_line' id='line_1_36' title="bbox 0 0 1734 5182; baseline 0 0"><span class='ocrx_word' id='word_1_255' title='bbox 0 0 1734 5182; x_wconf 95' lang='lat' dir='ltr'><strong> </strong></span> 
     </span>
    </p>
   </div>
  </div>
 </body>
</html>
