3458 5182
837 386 856 449 3

493 570 495 575 ’
586 571 614 633 3.
639 568 811 646 Ὀδυσσεὺς
833 571 852 646 ἢ
874 576 944 658 περὶ
965 566 1154 646 Ὀδυσσέως.

584 675 613 736 4.
637 677 788 764 Ὀρέστου
806 675 966 762 ἀπολογία
985 676 1003 750 ἢ
1021 682 1089 763 περὶ
1102 680 1165 740 τιῖιν
1178 672 1393 764 δικογράφων·

588 783 615 842 5.
638 783 815 868 Ἰσογραφὴ
836 780 855 855 ἢ
878 785 1000 855 Λυσίας
1023 787 1071 845 καὶ
1093 781 1287 867 Ἰσοκράτης·

589 886 617 946 6.
639 889 722 967 πρὸς
744 890 800 951 τὸν
822 887 1027 973 Ἰσοκράτους
1050 885 1260 974 Ἀμάρτυρον·

506 994 550 1052 ΙΙ.
594 991 621 1051 7.
644 996 714 1079 περὶ
738 990 830 1078 ζιγίων
852 995 986 1078 φάσεως·

609 1144 615 1156 .
661 1122 675 1154 ιι
732 1095 936 1172 παιδοποιίας
958 1097 976 1173 ή
998 1102 1068 1185 περὶ
1097 1100 1202 1184 γάμου
1217 1101 1373 1182 ἐρωτικός·

609 1251 616 1264 .
661 1229 674 1261 ιι
732 1209 796 1269 τῶν
820 1213 982 1291 σοφιστῶν
1005 1209 1270 1292 φυσιογνωμικός·

609 1357 615 1369 .
661 1334 675 1367 ιι
733 1306 935 1386 δικαιοσύνης
948 1316 994 1375 καὶ
1010 1308 1156 1399 ἀνδρείας
1168 1314 1396 1401 προτρεπτικὸς

732 1420 871 1502 πρῶτος,
895 1413 1050 1504 δεύτερος,
1073 1421 1190 1504 τρίτος.

570 1522 617 1582 11.
663 1546 671 1580 ι
737 1520 913 1609 Θεόγνιδος
936 1520 984 1589 δέ·

483 1631 546 1689 ΙΙΙ.
570 1629 617 1690 12.
663 1653 677 1686 ιι
737 1629 873 1715 ἀγαὲιοῦ·

571 1733 620 1794 13·
665 1758 679 1792 ιι
739 1731 895 1821 ἀνδρείας·

570 1839 618 1900 14.
663 1863 677 1898 ιι
736 1842 836 1924 νόμον
858 1840 877 1915 ἢ
899 1846 968 1927 περὶ
991 1839 1164 1915 πολιτείας·

571 1943 619 2004 15.
664 1965 679 2002 ιι
778 1968 793 2001 ιι
859 1968 874 2002 ιι
921 1968 935 2002 ιι
988 1945 1087 2010 καλοῦ
1110 1951 1156 2010 καὶ
1186 1943 1315 2010 δικαίου·

572 2049 620 2110 16.
666 2073 680 2107 ιι
739 2050 919 2138 ἐλευθερίας
943 2056 990 2116 καὶ
1013 2049 1171 2127 δουλείας·

572 2155 620 2215 17.
665 2180 680 2213 ιι
738 2152 886 2232 πίστεως·

573 2261 620 2323 18.
667 2287 680 2317 ιι
739 2265 911 2350 ἐπιτρόπου
933 2262 952 2338 ἢ
974 2268 1042 2350 περί
1066 2269 1121 2328 τοῦ
1143 2267 1316 2328 πείθεσθαι·

574 2366 622 2427 19·
667 2391 681 2424 ιι
740 2371 830 2443 νίκης
852 2354 1062 2451 οἰκονομικός·

494 2475 550 2534 IV.
573 2471 621 2535 20.
647 2479 765 2559 Κῦρος.

573 2579 621 2640 21.
645 2577 807 2666 Ἡρακλῆς
829 2583 847 2644 ὁ
869 2578 984 2663 μείζων
1007 2580 1025 2656 ἢ
1047 2586 1116 2667 περὶ
1137 2584 1262 2666 ίσχίιος·

513 2687 552 2746 V.
574 2685 622 2746 22.
648 2692 756 2772 Κῦρος
777 2684 796 2760 ἢ
820 2688 890 2771 περὶ
912 2682 1093 2771 βασιλείας·

423 2794 426 2798 ’
574 2789 622 2853 23.
644 2790 816 2856 Ἀσπασία·

492 2899 549 2957 Vl.
573 2896 621 2959 24.
643 2895 807 2973 Ἀλήθεια·

575 3002 623 3064 25.
649 3007 725 3090 Περὶ
749 3009 805 3068 τοῦ
828 3003 1048 3089 ἀντιλέγεσθαι
1072 3003 1286 3090 ἀντιλογικός·

576 3108 624 3171 26.
651 3109 768 3173 Σάθων
789 3108 808 3183 ἢ
831 3107 981 3196 περὶτοῦ
1004 3108 1189 3196 ἀντιλέγειν·

575 3214 624 3274 27.
646 3217 717 3301 περὶ
753 3210 925 3279 διαλέκτου·

479 3321 554 3379 Vll.
578 3318 626 3380 28.
750 3315 893 3394 παιδείας
914 3318 933 3394 ἢ
956 3321 1123 3402 ὀνομάτων
1146 3321 1171 3386 α’
1186 3317 1220 3406 β’
1233 3319 1344 3408 γ’δέ·

575 3424 624 3485 29.
748 3426 914 3509 ὀνομάτων
936 3427 1082 3512 χρήσεως
1104 3428 1266 3502 ἐριστικός·

575 3529 623 3592 30.
748 3533 931 3618 ἐρωτήσεως
954 3535 1001 3596 καί
1026 3530 1232 3618 ἀποκρίσεως·

575 3636 624 3697 31.
750 3632 848 3712 δόξης
870 3641 918 3700 καὶ
940 3637 1111 3720 ἐπιστήμης·
1134 3635 1161 3701 α’
1172 3634 1208 3718 β’
1219 3636 1251 3724 γ’
1263 3635 1297 3702 δ·

576 3741 625 3804 32.
749 3747 804 3806 τοῦ
826 3742 1007 3807 ἀποθανεῖν·

577 3846 626 3908 33.
727 3847 833 3923 ’ζωῆς
856 3852 904 3912 καὶ
926 3848 1077 3912 θανάτου.

576 3956 625 4016 34.
669 3981 685 4017 ιι
747 3962 811 4022 τῶν
833 3959 866 4022 ἐν
888 3953 976 4044 ᾅδου·

577 4061 625 4122 35·
670 4086 685 4121 ιι
752 4066 875 4148 φάσεως
897 4059 981 4148 α’β’·

579 4167 628 4229 36.
650 4169 813 4257 Ἐρώτημα
835 4175 904 4257 περὶ
926 4173 1051 4255 φάσεως
1071 4166 1117 4254 β’·

579 4275 628 4337 37.
653 4275 753 4351 Δόξαι
774 4277 793 4353 ἢ
815 4279 979 4365 ἐριστικός·

580 4382 629 4444 38·
651 4390 720 4472 περὶ
742 4391 797 4449 τοῦ
818 4385 992 4469 μανθάνειν
1013 4379 1238 4471 προβλήματα.

1240 4485 1278 4545 l*
