3458 5182
836 364 894 428 111

362 547 515 610 Ceterum
547 553 575 610 si
607 553 643 610 in
675 552 840 628 prioribus
872 553 1022 613 versibus
1053 553 1119 611 iam
1141 569 1208 611 non
1230 553 1409 613 admodum

319 657 434 731 placet,
457 657 544 733 quod
567 659 629 742 ἐγὼ
652 658 688 716 in
710 660 817 733 priore
839 661 967 717 senario
990 656 1083 744 σῴζω
1100 661 1136 717 111
1153 660 1254 718 altero
1266 662 1410 735 positum

320 766 383 835 est,
406 764 511 822 multo
533 765 637 837 magis
659 764 836 837 dissuadet,
860 783 901 824 ne
917 783 1030 824 versus
1046 783 1159 824 revera
1174 764 1229 824 hic
1243 768 1410 826 trimetros

319 870 451 930 subesse
473 871 657 944 credamus,
679 897 708 934 τι
730 871 815 929 illud
838 873 874 929 in
889 873 986 930 tertio
1000 889 1097 931 versu
1110 872 1295 946 -longius
1311 890 1409 949 quam

319 974 412 1033 decet
433 976 473 1034 ab
495 976 657 1036 adiectivo
679 993 737 1035 suo
759 981 923 1035 remotum
945 979 1027 1053 quin
1050 980 1150 1037 etiam
1171 979 1207 1036 in
1230 978 1295 1036 alio
1312 997 1410 1037 versu

319 1083 474 1157 positum.

361 1186 419 1246 Od.
443 1185 494 1247 12:
512 1221 553 1231 -
570 1230 946 1245 ··········
965 1189 1022 1254 οὐκ
1044 1188 1178 1254 οἷσθ’ὅτι

362 1295 400 1358 οὐ
422 1299 478 1359 τοῦ
500 1300 611 1380 νεκροῦ
633 1302 703 1370 τοῖς
725 1292 852 1381 Τρωσὶν
872 1293 959 1359 α’λλὰ
982 1299 1046 1360 τῶν
1068 1295 1180 1360 ὅπλων

362 1398 469 1483 ἔμελεν
492 1402 581 1475 ὅπως
602 1396 747 1486 λάβοιεν·

362 1505 474 1565 Merus
507 1509 555 1566 est
587 1507 751 1578 senarius,
784 1507 841 1565 sed
874 1509 1056 1583 permirum
1089 1507 1230 1579 videtur,
1264 1509 1411 1583 quaesit

320 1610 415 1672 causa
447 1631 505 1672 eur
538 1614 669 1685 ignotus
701 1612 759 1670 ille
791 1618 884 1687 poeta
905 1629 1034 1703 semper
1054 1613 1123 1671 fere
1146 1630 1259 1673 versus
1281 1631 1411 1688 compo-

320 1720 422 1777 suerit
457 1719 618 1776 rationem
654 1717 743 1776 haud
775 1717 959 1792 elegantem
990 1723 1136 1790 secutus,
1171 1736 1234 1794 qua
1267 1736 1345 1779 usus
1376 1719 1410 1777 id

320 1824 448 1894 effecit,
480 1829 517 1883 ut
549 1842 649 1883 unam
681 1826 880 1883 sententiam
911 1829 984 1900 apte
1015 1825 1243 1884 cohaerentem
1265 1842 1323 1900 per
1344 1825 1410 1882 duo

320 1936 427 1990 tresve
448 1947 562 1990 versus
583 1931 805 1990 distribueret.

362 2036 421 2096 Od.
443 2034 475 2096 3:
497 2037 608 2112 (ταῦτα
630 2033 700 2104 δ’ἐν
722 2044 790 2112 τοῖς
813 2039 898 2122 ἐμοῖς
920 2034 1106 2114 κινδύνοις).

361 2145 432 2218 ἐνῆν
454 2141 655 2209 ἅπανθ’ὅττου
677 2144 740 2231 γὰρ
763 2149 802 2220 ἧν
825 2146 1032 2231 κεχρημένον·
1045 2186 1052 2200 ·
1066 2186 1093 2200 ··

361 2254 554 2338 κεχρημένον
585 2269 651 2309 vox
672 2252 808 2327 quidem
829 2253 949 2325 tragice
972 2268 1105 2323 sonans,
1129 2251 1185 2309 sed
1208 2250 1409 2326 perfectum,

320 2358 406 2416 sitne
441 2359 529 2434 apud
560 2359 699 2431 tragicos
731 2358 868 2417 obvium
906 2359 1080 2417 decernere
1118 2376 1185 2416 non
1222 2359 1337 2417 ausim.
1370 2391 1411 2398 -

361 2462 421 2522 Od·
444 2461 474 2522 7:
497 2465 586 2539 ὅστις
607 2491 644 2550 γε
665 2467 795 2551 πρῶτον
816 2462 978 2551 ὅπλ”ἔχεις
1000 2464 1139 2552 ἄρρηκτα
1161 2467 1224 2528 καί·
1238 2506 1245 2519 ·
1258 2506 1285 2519 ··

364 2568 539 2646 Suspectus
567 2569 651 2627 mihi
679 2587 792 2630 versus
814 2570 947 2629 videtur
969 2572 1046 2646 quia
1067 2587 1134 2628 non
1158 2569 1340 2629 verisimile
1362 2571 1410 2627 est

323 2679 451 2751 poetam
473 2677 636 2752 adjectiva
651 2677 790 2764 ἅρρηκτα
805 2672 855 2742 καὶ
871 2675 995 2764 ἄτρωτα
1010 2693 1186 2752 separasse3
1201 2677 1324 2734 etenim
1339 2675 1371 2733 h.
1387 2674 1409 2733 l.

321 2797 388 2838 non
410 2780 475 2840 duo
498 2783 584 2840 inter
605 2800 638 2840 se
660 2782 808 2840 diversae
826 2784 1040 2856 proprietates
1054 2784 1154 2841 armis
1173 2781 1409 2852 attribuuntur,

321 2888 378 2945 sed
410 2888 509 2947 altera
544 2893 592 2948 est
628 2886 795 2975 ὑπερβολὴ
831 2891 964 2964 prioris,
997 2906 1060 2964 qua
1090 2888 1263 2948 cavillatur
1294 2886 1410 2948 Ulixes

321 2991 432 3051 Aiacis
453 2993 694 3053 fortitudinem.

363 3099 407 3157 ld·
430 3098 478 3163 recl
502 3100 553 3165 col
573 3101 661 3185 μόνῳ
684 3097 722 3176 δὴ
744 3108 853 3186 τεῖχος
875 3100 932 3165 οὐκ
953 3098 1065 3175 ’ἔσθ’ὡς
1088 3103 1127 3164 σύ
1150 3100 1219 3187 φῄς.

362 3204 515 3280 Quinque
528 3205 683 3281 deinceps
694 3206 919 3280 monosyllaba
930 3206 1018 3265 haud
1028 3204 1164 3281 pulchre
1176 3208 1354 3265 terminant
1362 3223 1410 3264 se-

321 3314 464 3379 narium;
475 3303 638 3388 praeterea
650 3311 791 3370 laeditur
802 3311 856 3370 lex
868 3311 1079 3373 Porsoniana:
1090 3313 1147 3377 αὐκ
1158 3311 1271 3386 ἔσθ’ὡς
1282 3315 1320 3375 σὺ
1336 3314 1408 3398 φής.

362 3416 416 3476 Ai.
439 3417 471 3478 2:
494 3425 550 3483 τοῦ
572 3418 713 3505 μὲνγὰρ
736 3421 759 3482 εἰ
781 3417 965 3504 κράτησαν,
988 3419 1138 3505 ᾐκίσαντο
1159 3417 1226 3484 τ’ἄν

493 3525 529 3589 τὸ
553 3528 641 3605 σῶμα
664 3519 713 3587 καὶ
734 3523 772 3586 τὰ
795 3521 1032 3610 λύτρ’ἐκόμισαν
1047 3522 1215 3612 Ἕκτορος·

362 3629 530 3719 ’κράτησαν
562 3634 594 3688 01
623 3627 713 3715 λύγρ’
743 3628 822 3686 ferri
841 3634 985 3705 possunt.
1024 3629 1063 3686 In
1086 3630 1254 3690 codicibus
1275 3631 1408 3704 legitur:

320 3742 376 3801 τοῦ
389 3735 547 3824 ’Έκτορος
564 3739 750 3819 ἐκομίσαντο
765 3769 805 3778 -
819 3735 991 3794 retinenda
1004 3740 1052 3795 est
1067 3736 1176 3795 media
1191 3736 1311 3808 forma,
1328 3755 1409 3813 quae

321 3843 354 3903 h.
376 3844 397 3903 l.
420 3843 487 3903 sola
509 3844 660 3922 quadrat3
683 3844 781 3903 verba
803 3848 859 3908 τοῦ
879 3842 1036 3930 Ἕκτορος
1058 3844 1130 3901 sine
1152 3860 1247 3902 causa
1264 3848 1409 3918 transpo-

323 3955 456 4010 nuntur.

360 4054 415 4115 Ai.
439 4054 469 4115 7:
491 4058 598 4142 -ἐγὼ
619 4062 674 4141 μὲν
696 4055 800 4121 οὖν·-

534 4161 606 4244 ὖμῖν
628 4160 712 4247 λέγω
734 4169 803 4237 τοῖς
825 4157 918 4227 οὐδὲν
940 4157 1055 4227 εἰδόσιν
1076 4171 1204 4249 κριταῖς.

363 4275 481 4347 κριταῖς
508 4265 556 4332 καὶ
584 4263 744 4343 δικασταῖς
766 4268 896 4342 sejungi
919 4285 986 4325 non
1007 4285 1100 4343 posse
1122 4286 1139 4326 e
1160 4271 1228 4326 tota
1248 4270 1410 4327 sententia

323 4377 470 4449 apparet,
503 4391 598 4449 porro
631 4370 680 4439 καὶ
713 4371 873 4449 δικασταῖς
904 4374 962 4431 vix
993 4374 1034 4432 ad
1064 4375 1246 4434 iambicum
1266 4378 1410 4433 metrum
