3458 5182
851 369 889 431 22

260 605 262 609 ,
325 553 485 637 σχήμασιν
516 549 687 609 rhetoricis
720 554 831 608 ornata
866 554 929 622 est,
962 548 1102 622 singulis
1133 547 1202 606 fere
1234 548 1269 604 in
1301 547 1411 605 verbis

324 656 523 731 conspicuis,
565 673 582 713 e
628 657 749 735 quibus
795 658 967 732 praecipue
1013 653 1298 714 commemoranda
1333 655 1410 711 sunt

324 762 458 821 haecce:
475 761 500 840 ¹)
551 761 742 849 παρίσωσεις
790 759 829 837 (s.
865 761 1013 848 πάρισα),
1057 761 1203 831 ἰσόκωλα,
1239 757 1411 830 ἀντιθέσεις

325 865 363 944 (s.
372 867 532 944 ἀντίθετα)
543 884 624 943 quae
634 884 652 926 a
664 867 819 927 Cicerone
830 869 865 925 in
875 865 1006 926 Oratore
1017 863 1074 924 175
1085 866 1228 925 breviter
1236 863 1409 938 explicata:

324 977 400 1033 sunt
422 975 530 1047 „paria
552 972 684 1047 paribus
706 972 860 1030 adiuncta
882 976 913 1030 et
929 971 1083 1030 similiter
1098 969 1248 1042 definita,
1265 971 1409 1045 itemque

219 1127 222 1132 .
323 1079 497 1137 contrariis
536 1078 637 1137 relata
669 1081 844 1150 contraria,
877 1095 960 1156 quae
992 1095 1050 1136 sua
1080 1080 1194 1152 sponte
1220 1076 1348 1134 etiamsi
1374 1073 1410 1132 id

322 1202 389 1244 non
420 1201 509 1258 agas,
539 1185 660 1244 cadunt
690 1184 884 1261 plerumque
911 1199 1099 1254 numerose,
1122 1178 1257 1254 Gorgias
1283 1181 1410 1255 primus

322 1291 460 1364 invenit,
504 1290 561 1350 sed
605 1292 652 1349 eis
694 1307 772 1350 usus
810 1294 858 1348 est
890 1283 1193 1363 intemperantius’'.
1237 1284 1410 1343 Accedunt

322 1393 539 1477 ὁμοιοτέλευτα
562 1394 617 1473 (de
636 1395 757 1473 quibus
773 1394 887 1454 Cicero
907 1393 941 1452 ll.
960 1389 1034 1470 135)
1048 1426 1085 1437 -
1104 1407 1180 1451 cum
1192 1390 1408 1472 similitervel

321 1502 442 1561 eadunt
463 1501 561 1560 verba
584 1499 727 1577 (proprie
750 1498 962 1581 ὁμοιόπτωτα)
985 1497 1037 1556 vel
1060 1495 1235 1564 desinunt3
1256 1491 1409 1560 ἀσύνδετα

322 1606 371 1684 (ll.
398 1604 471 1685 135)
498 1623 635 1665 -oum
658 1605 800 1680 demptis
822 1601 1114 1679 conjunctionibus
1136 1601 1293 1661 dissolute
1313 1602 1409 1676 plura

321 1712 477 1771 dicuntur
496 1745 534 1754 —
547 1715 780 1797 παρουομασίαι
796 1710 824 1788 ³)
841 1728 864 1769 a
883 1708 1177 1784 agnominationes,
1193 1707 1313 1785 quibus
1325 1708 1408 1766 varii

320 1816 495 1875 verborum
530 1816 622 1875 lusus
655 1816 888 1889 intelliguntur
918 1834 949 1875 v.
972 1833 998 1874 o.
1031 1823 1136 1902 σχῆμα
1168 1812 1408 1900 ἐτυμολογικόν,

321 1921 553 1998 dornomiam·
574 1927 633 1981 Gei-

361 2027 488 2088 Haecoe
510 2030 587 2088 satis
608 2032 705 2087 sunto
726 2027 767 2086 de
789 2025 950 2102 Gorgiana
973 2032 1050 2087 arte.
1093 2026 1235 2087 Transeo
1257 2044 1346 2085 nuno
1368 2025 1408 2086 ad

319 2132 553 2192 Antisthenem
575 2138 670 2210 atque
693 2137 729 2192 ut
749 2151 864 2192 verum
879 2150 947 2192 esse
962 2137 1128 2208 appareat,
1144 2131 1232 2209 quod
1247 2134 1408 2207 suspicor,

319 2256 438 2314 nempe
473 2238 706 2298 Antisthenem
739 2257 814 2297 eum
847 2241 1039 2312 magistrum
1071 2238 1233 2297 rhetorico
1266 2239 1300 2294 in
1332 2238 1408 2295 stilo

319 2333 507 2402 adhibendo
529 2344 695 2402 imitatum
715 2361 797 2413 esse,
820 2363 890 2403 rem
912 2347 1017 2420 ipsam
1039 2342 1200 2418 exemplis
1221 2343 1408 2402 illustriori·

319 2451 381 2508 bus
403 2467 444 2507 ex
465 2451 536 2510 eius
557 2449 751 2524 fragmentis
771 2448 893 2522 allatis,
916 2449 1154 2508 demonstrabo.

361 2555 387 2614 I·
430 2554 611 2628 ἀντιθέσεις·

319 2678 350 2736 p.
374 2658 461 2738 18³),
483 2659 524 2719 fr.
547 2658 585 2718 11
598 2659 634 2739 ⁴).
668 2659 766 2719 Maro.
811 2659 889 2718 Ant.
933 2657 1009 2717 VII.
1052 2654 1109 2717 36:
1157 2659 1404 2725 ’Aurioaevuco

665 2762 837 2851 βασιλικὸν
848 2769 902 2849 μὲν
915 2764 946 2830 εὗ
958 2765 1113 2851 πράττειν,
1127 2768 1228 2840 κακῶς
1240 2760 1403 2830 &circuietu-

440 2872 485 2931 id.
662 2872 736 2931 Arr.
752 2871 857 2947 Epiot.
869 2871 945 2930 diss.
960 2870 1016 2930 IV.
1039 2869 1075 2930 5:
1098 2875 1128 2936 τί
1145 2868 1202 2935 οὗν
1217 2868 1300 2956 λέγει
1312 2872 1408 2946 Ἀυτ,

663 2973 961 3052 οὐδέποτ’ἤκουσας,
1004 2974 1176 3062 βασιλικὸν
1227 2975 1267 3054 (ὦ
1311 2978 1407 3063 Κῦρε)

665 3084 811 3169 πράττειν
832 3087 888 3166 μὲν
911 3081 953 3154 εὖ,
976 3087 1077 3158 κακῶς
1103 3079 1306 3160 δ’ἀκοὺειυῦ).

319 3207 349 3264 p.
372 3187 420 3249 34.
443 3189 483 3248 fr.
505 3188 554 3249 44.
579 3188 686 3248 Sohol.
708 3189 759 3248 ad.
781 3188 881 3247 Arist.
903 3206 933 3263 p.
947 3185 994 3247 66.
1006 3187 1144 3247 Brandis
1159 3188 1407 3253 'Ave-tuffo„

670 3299 725 3378 μὲν
747 3298 826 3380 ὁρῶ,
849 3296 1003 3369 ἱππότητα
1019 3289 1052 3359 δ’
1053 3293 1116 3382 οὐχ
1138 3298 1214 3381 ὁρῶ·

352 3573 374 3636 l)
409 3575 506 3624 Dedita
528 3590 608 3639 opera
630 3575 720 3624 addidi
740 3575 872 3624 Ciceronis
889 3579 993 3633 acutam
1010 3578 1038 3622 et
1055 3575 1184 3624 concisam
1202 3577 1405 3639 explicationem

319 3665 469 3726 figurarum.
503 3665 536 3713 In
563 3665 671 3713 Oratore
696 3665 799 3728 saepius
824 3664 857 3714 de
876 3665 960 3727 tropis
977 3667 1004 3712 ot
1021 3664 1110 3726 figuris
1127 3665 1183 3728 agit
1200 3665 1235 3714 cf.
1253 3669 1291 3728 38,
1309 3670 1348 3728 66,
1366 3670 1405 3728 84,

319 3756 379 3814 164,
404 3757 452 3802 220
469 3770 505 3816 sq.
519 3781 552 3790 -
573 3753 686 3803 Difficile
712 3754 817 3802 videtur
842 3767 944 3816 semper
969 3753 1042 3802 inter
1068 3755 1153 3802 varias
1170 3754 1269 3804 formas
1286 3761 1406 3806 accurato

317 3843 488 3905 distinguere.
1090 3829 1093 3834 ⁵

349 3931 373 3995 ¹)
409 3932 462 3984 Cic.
487 3933 519 3982 de
545 3933 617 3983 Orat.
641 3933 681 3992 ΙΙ,
708 3934 750 3981 63:
772 3947 865 3995 genus,
883 3933 952 3995 quod
970 3932 1050 3981 habet
1067 3947 1176 3996 paruam
1193 3935 1266 3982 verbi
1284 3935 1406 3986 immuta·

318 4024 430 4082 tionem,
447 4022 515 4084 quod
533 4023 562 4070 in
579 4022 670 4070 littera
687 4022 802 4085 positum
820 4037 871 4071 v.c.
889 4022 1044 4071 nobiliorem
1053 4026 1081 4071 ot
1091 4022 1268 4086 mobiliorem,
1285 4028 1319 4073 (ic
1330 4031 1357 4074 et
1370 4031 1406 4083 te,

317 4113 442 4162 advorsus
458 4115 486 4161 et
504 4125 616 4160 aversus.
651 4110 691 4160 ef.
711 4110 800 4168 Quint.
819 4111 864 4171 IV,
882 4113 905 4170 3,
923 4112 965 4169 53;
983 4110 1037 4169 ΙΧ,
1055 4112 1079 4170 3,
1096 4113 1135 4161 66.

348 4199 374 4263 ³)
408 4201 504 4265 pagina
520 4200 590 4262 apud
607 4199 861 4249 Winckelmannum.

349 4289 372 4352 ⁴)
406 4290 556 4352 fragmenta
573 4290 644 4353 apud
663 4290 843 4341 Muilaohium.

349 4376 373 4441 ⁶)
407 4379 518 4429 Acutius
534 4378 604 4431 dixit
623 4379 749 4430 Arrianus
767 4394 812 4443 per
829 4379 980 4431 ohiasmum.
