3458 5182
805 399 844 459 41

324 609 587 692 Declamationes
621 607 708 667 Aiax
743 612 776 667 et
806 607 936 681 Ulixes,
969 625 1052 685 quae
1081 607 1261 665 rhetoricae
1292 607 1371 665 artis

282 717 448 793 specimen
483 713 576 787 dant,
611 731 759 791 quaeque
795 714 899 773 multa
933 713 1181 774 Antisthenicae
1204 712 1371 771 doctrinae

282 823 420 896 vestigia
437 820 629 892 ostendunt,
642 819 668 897 ¹)
691 837 729 878 eo
751 821 917 896 imprimis
937 819 1167 878 memorabiles
1181 821 1267 890 sunt,
1284 818 1372 894 quod

282 929 403 986 iterum
426 926 590 998 indicant,
612 930 769 1002 quantam
791 943 922 1001 operam
943 924 1087 1000 Cynicus
1109 924 1254 983 Homero
1276 941 1371 982 nava-

282 1034 376 1092 verit.
420 1030 564 1091 Homero
599 1033 690 1091 enim
725 1031 779 1090 vel
814 1034 957 1091 maxime
993 1033 1144 1091 omnium
1176 1032 1371 1106 scriptorum

281 1139 468 1198 Atticorum
502 1138 623 1198 favisse
658 1137 893 1198 Antisthenem
930 1140 1134 1214 summisque
1169 1135 1295 1194 viribus
1335 1136 1371 1192 in

283 1245 399 1304 Iliadis
429 1243 656 1322 Odysseaeque
682 1247 867 1304 carminum
890 1245 1194 1320 interpretationem
1215 1245 1247 1300 et
1268 1240 1371 1315 expli-

282 1350 445 1409 cationem
467 1348 671 1422 incubuisse,
694 1349 838 1408 sedecim
860 1366 955 1424 opera
977 1348 1151 1407 Homerica
1173 1347 1213 1405 ab
1236 1364 1273 1404 eo
1295 1363 1371 1405 con-

281 1457 400 1531 scripta
421 1457 590 1514 testantur.

323 1561 444 1635 Igitur,
472 1561 600 1619 etiamsi
629 1559 818 1636 disquisitio
840 1559 880 1618 de
902 1559 1072 1618 authentia
1093 1557 1370 1616 declamationum

282 1665 447 1742 paulisper
474 1667 852 1741 intermittatur‚operae
875 1666 1017 1740 pretium
1039 1666 1172 1723 videtur
1193 1680 1282 1721 nunc
1304 1665 1370 1738 pri-

282 1790 363 1831 num
398 1772 440 1831 de
476 1770 663 1830 Homericis
697 1770 909 1831 Antisthenis
944 1770 1064 1830 studiis
1094 1772 1131 1828 in
1159 1770 1369 1840 universnm,

283 1878 362 1937 dein
396 1878 437 1937 de
477 1875 649 1937 nonnullis
685 1877 838 1953 operibns
873 1893 955 1953 quae
990 1874 1174 1935 Homerum
1210 1877 1369 1950 spectant,

282 1983 442 2060 quaedam
473 1982 601 2042 addere.
645 1981 739 2052 Quod
771 1982 936 2055 agendum
967 1998 1035 2042 esse
1067 1981 1152 2039 mihi
1183 1982 1218 2038 in
1245 1979 1370 2056 praefa-

281 2088 371 2147 tione
398 2090 566 2164 proposui,
594 2089 672 2164 quia
700 2087 884 2147 dissertatio
906 2105 956 2160 ea,
978 2091 1204 2164 praeterquam
1225 2085 1314 2163 quod
1334 2104 1368 2144 re

282 2196 352 2270 ipsa
387 2196 498 2268 magni
534 2195 695 2253 momenti
731 2199 793 2265 est,
826 2194 887 2252 ubi
923 2194 963 2252 de
996 2193 1165 2252 literarum
1196 2193 1369 2268 praecipue

281 2302 401 2361 studiis
427 2302 570 2376 agimus,
600 2303 699 2360 etiam
726 2318 932 2376 summopere
959 2304 1125 2360 accuratae
1147 2299 1187 2359 de
1210 2299 1369 2359 declama·

281 2406 428 2466 tionibus
450 2407 661 2482 inquisitioni
683 2405 824 2481 prodest.

314 2630 336 2694 ¹)
373 2632 411 2682 De
427 2632 566 2681 rhetoricis
578 2637 604 2681 et
615 2631 812 2695 philosophicis,
824 2646 892 2693 quae
904 2632 932 2680 in
944 2633 1183 2682 declamationibus
1194 2633 1370 2684 inveniuntur

281 2724 374 2784 postea
396 2726 519 2770 accurate
544 2721 620 2769 nobis
645 2720 776 2783 agendum
803 2723 854 2779 est;
880 2735 971 2770 causas
997 2735 1043 2770 cur
1067 2721 1136 2770 hanc
1160 2721 1369 2784 disquisitionem

280 2809 444 2871 distulerim,
462 2810 515 2858 iam
533 2808 656 2859 indicavi.
