3458 5182
882 379 921 440 70

357 552 582 639 ἆγονίζοισὲε,
609 557 710 624 πλίον
732 562 876 648 ἐγίγνετο
898 557 1005 625 οὐδέν·
1028 563 1060 625 ἐν
1083 557 1113 626 di
1135 573 1204 635 τοῖς
1227 565 1313 644 ἐμοῖς
1339 558 1441 627 κινδίι·

357 687 441 736 νοις,
464 661 522 738 οὓς
542 665 604 749 ἐγὼ
618 668 720 748 μόνος
734 662 940 734 ἐκινδύνευον,
955 671 1045 747 εἰμὲν
1058 668 1303 753 κατομὲιιίισοιμι,
1318 667 1440 733 ἅπαντα

356 769 428 849 ἡμῖν
463 768 633 835 ἐπετελεῖτο
677 775 721 837 ὧν
755 775 841 838 ἕνεκα
873 768 965 859 δεῦρο
1001 771 1177 858 ἀφίγμεθα,
1212 777 1233 838 εί
1264 770 1441 858 δ’ἐσφάλην

356 875 430 953 ἐμοῦ
452 873 491 938 ἂν
512 877 584 950 ἑνὸς
605 873 726 964 ἀνδρὸς
748 881 924 965 ἐνείμασθε·
958 880 995 944 οὐ
1017 879 1080 964 γὰρ
1101 879 1153 942 ἳνα
1175 883 1355 966 μαχοίμεθα
1371 888 1440 954 τοῖς

358 983 461 1065 Τρωσὶ
485 976 566 1068 δεῦρ’
588 980 762 1070 ἀφίγμεθα,
787 983 861 1048 ἀλλ’
882 984 935 1048 ‘ivo
956 987 1013 1059 τήν
1029 1012 1060 1048 τε
1072 982 1206 1059 Ἑλένην
1218 983 1441 1071 ἆπολάβοιμεν

315 1093 343 1170 ⁸)
357 1088 405 1146 καὶ
434 1087 491 1160 τὴν
525 1084 642 1174 Τροίαν
678 1088 811 1170 ἕλοιμεν.
858 1095 953 1154 ταῦτα
981 1086 1007 1154 δ’
1029 1092 1062 1154 ἐν
1083 1098 1152 1164 τοῖς
1174 1093 1260 1173 ἐμοῖς
1283 1087 1441 1167 κινδύνοις

356 1193 428 1266 ἐνῆν
450 1192 583 1258 ἅπαντα·
617 1197 699 1259 ὅπου
726 1196 789 1281 γὰρ
819 1197 857 1271 ἦν
879 1198 1072 1281 κεχρημένον
1093 1194 1262 1260 ἀνάλωτον
1285 1196 1360 1262 είναι
1382 1199 1441 1272 τὴν

357 1298 492 1385 Τροίαν,
522 1303 544 1364 εἶ
576 1301 617 1381 μὴ
646 1302 803 1388 πρότερον
832 1304 868 1365 τὸ
898 1299 1027 1385 ἄγαλμα
1048 1311 1103 1376 τῆς
1126 1299 1382 1388 &solstitiorum
1404 1304 1440 1367 τὸ

355 1401 473 1467 κλαπὲν
498 1405 571 1493 παρ’
602 1407 709 1487 ἡμῶν,
742 1411 791 1483 τίς
818 1410 901 1472 ἐστιν
931 1412 948 1472 ὁ
977 1411 1112 1491 κομίσας
1140 1405 1230 1495 δεῦρο
1252 1412 1288 1474 τὸ
1311 1408 1440 1495 ι’ίγαλμα

386 1568 479 1622 τοῖς...
505 1564 686 1632 ἀπολάβοιμεν
710 1582 760 1617 om.
779 1569 800 1616 I.
827 1596 858 1604 -
883 1568 1083 1634 δεῦρ’ἀφὶγμεθα
1107 1584 1152 1632 pro
1170 1570 1241 1633 δεῦρο
1259 1570 1345 1620 boum
1363 1571 1391 1620 U.
1407 1599 1441 1607 —

353 1652 402 1712 τήν
419 1671 446 1703 τε
463 1653 568 1716 Ἑλένην
585 1672 635 1706 om.
653 1658 681 1706 C.
699 1675 734 1708 τε.

384 1741 408 1804 ⁸)
442 1744 463 1793 εἰ
478 1746 522 1810 μὴ,
540 1747 566 1795 J.
584 1748 620 1796 M.
638 1749 669 1799 N.
688 1749 715 1797 b:
733 1750 779 1813 μὲν
797 1776 827 1785 -
845 1749 875 1797 σὺ
893 1748 942 1812 γὰρ
959 1753 1030 1797 auct.
1043 1748 1104 1798 Rsk.
1117 1749 1146 1796 B.
1158 1753 1186 1797 et
1201 1749 1234 1811 S„
1253 1748 1285 1798 οὑ
1298 1766 1324 1812 γε
1337 1748 1440 1796 libri-

351 1834 442 1893 οίσθας
459 1835 507 1896 Χ.,
524 1838 613 1896 οἶσθας
632 1838 667 1887 M.
685 1839 718 1888 N.
736 1839 764 1886 b:
781 1840 866 1888 οἶσθα.

354 2144 427 2205 sequi
448 2144 633 2193 indicativum:
656 2143 737 2194 πλέον
754 2144 865 2210 ἐγίγνετο

355 2231 428 2281 οὐδὲν
458 2234 488 2291 (i.
514 2247 535 2281 c.
563 2248 597 2282 ne
622 2234 735 2282 victoria
759 2233 864 2296 quidem

354 2322 468 2371 multum
494 2323 628 2386 proderat)
650 2338 702 2371 non
724 2328 775 2384 est,
796 2323 865 2386 quod

354 2413 485 2464 miremur.
520 2414 634 2477 Superbe
664 2415 755 2464 Ulixes
782 2414 865 2461 iactat

354 2504 400 2560 τὰς
425 2505 513 2562 κοινὰς
534 2505 624 2578 μάχας,
639 2506 706 2552 nihil
724 2505 864 2568 profuisse,

353 2593 416 2654 quia
427 2597 537 2642 eventus
555 2609 608 2642 non
625 2595 658 2642 ad
674 2609 747 2642 suam
759 2595 863 2643 unicam

354 2683 505 2731 referendus
522 2686 578 2730 erat
598 2697 679 2746 opem.
713 2685 802 2746 Aeque
819 2699 864 2732 au-

355 2771 446 2820 dacter
463 2771 490 2818 in
508 2773 675 2834 sequentibus
695 2774 821 2835 gloriatur
838 2788 865 2822 se

353 2860 450 2919 solum,
468 2861 589 2922 quotiens
606 2863 728 2925 periculis
749 2878 765 2911 a
783 2866 864 2912 semet

353 2949 565 3012 ipsosolosumtis
574 2951 749 3000 feliciterrem
756 2958 864 3013 gereret,

353 3042 441 3087 omnia
462 3040 582 3088 omnibus
602 3041 677 3089 sociis
694 3046 864 3104 perpetrasse.

354 3129 434 3178 Recte
451 3130 544 3191 igitur,
564 3144 645 3191 quum
662 3129 690 3177 in
708 3131 806 3192 protasi
823 3146 864 3179 ca·

353 3234 395 3266 sus
417 3219 510 3281 aliquis
532 3219 640 3280 fingitur
663 3225 689 3268 ct
712 3220 864 3283 proponitur

353 3309 424 3374 (opt.
442 3309 607 3375 ἀγωνίζοισὲιε
619 3315 645 3357 et
654 3309 863 3373 κατορθώσαιμι),

352 3399 381 3446 in
414 3398 520 3462 apodosi
553 3398 672 3460 sequitur
706 3399 864 3449 indicativus

353 3486 465 3552 ἐγίγνετο
487 3491 515 3534 et
538 3486 691 3548 ἐπεπελεῐτο)
718 3503 769 3550 quo
797 3489 863 3536 indi-

352 3578 428 3624 catur
445 3576 477 3624 de
494 3581 592 3625 eventu
609 3578 664 3640 ipso
674 3577 761 3626 Ulixis
772 3593 865 3641 operae

351 3664 470 3712 dubitari
487 3680 539 3712 non
557 3680 638 3728 posse.
672 3667 771 3716 Eodem
788 3669 864 3718 modo

352 3753 437 3816 pergit
455 3754 545 3803 Ulixes
561 3754 633 3816 loqui
650 3757 787 3819 additque:
803 3763 831 3806 at
843 3760 864 3807 si

351 3844 455 3905 quando
473 3845 514 3906 (id
529 3846 599 3906 quod
616 3861 752 3909 nunquam
762 3849 863 3910 evenit)

352 3933 425 3982 felici
431 3938 527 3982 eventu
534 3949 660 3985 conamen
669 3952 757 3986 meum
768 3939 864 3987 caruis-

351 4027 863 4089 set‚meuno(quaeparvavobisiaotura

350 4114 504 4177 videbatur)
522 4114 608 4163 orbati
628 4115 752 4166 fuissetis,
784 4120 864 4176 Quem

350 4219 453 4255 sensum
471 4213 529 4253 tum
554 4205 660 4254 demum
679 4208 765 4255 verbis
782 4209 864 4258 inesse

350 4299 426 4358 pute,
452 4295 474 4344 si
491 4295 666 4344 indicativum
687 4294 830 4361 δ’ἐσφάλην
846 4314 862 4346 a

352 4384 488 4448 Spengelio
516 4384 660 4446 repositum
694 4385 729 4433 cf.
761 4385 803 4447 Sp.
829 4385 863 4433 ad

922 2144 1044 2194 Anaxim.
1058 2159 1082 2207 p.
1097 2146 1159 2207 209)
1170 2144 1351 2208 receperimus.
1373 2144 1434 2194 Sen-

922 2235 1007 2282 tentia
1040 2235 1157 2296 postulat
1191 2235 1334 2283 secundum
1364 2234 1434 2283 Reis-

922 2324 1005 2372 kium:
1018 2351 1049 2359 —
1070 2323 1115 2372 οίιιι
1129 2323 1164 2372 ἂν
1181 2323 1250 2387 ἐμοῦ,
1262 2322 1320 2381 ἑνὸς
1332 2323 1434 2388 ἀνδρὸς,

922 2413 991 2461 ἀλλὰ
1011 2417 1063 2462 τῶν
1082 2411 1210 2462 ἁπάντων
1226 2411 1368 2476 ἐστέρησὲιε.

954 2501 974 2565 ³)
1008 2505 1091 2552 ταῦτα
1113 2501 1173 2553 δ’ἐν
1191 2507 1244 2560 τοῖς
1262 2503 1331 2567 ἐμοῖς
1348 2503 1435 2553 κινδύ-

923 2609 979 2649 νοις
997 2592 1058 2652 ἐνῆν
1076 2593 1191 2642 ἅπαντα.
1212 2592 1286 2641 Haeo
1303 2592 1390 2641 omnia
1407 2593 1435 2640 in

921 2681 985 2729 meis
1002 2681 1087 2744 posita
1104 2685 1180 2729 erant
1197 2681 1328 2744 periculis.
1348 2681 1435 2745 Suspi-

921 2769 1021 2818 cionem
1039 2785 1091 2819 non
1108 2773 1198 2819 movet
1214 2771 1322 2819 verbum
1340 2771 1435 2821 ἐνεῖναι

921 2858 1040 2920 quamvis
1049 2859 1098 2908 hoc
1108 2874 1183 2908 sensu
1194 2874 1286 2923 parum
1296 2861 1434 2911 usitatum.

920 2952 982 3011 apte
1016 2949 1133 2998 conferri
1167 2951 1268 3013 poterit
1303 2951 1435 3015 Sophoclis

922 3036 985 3086 Oed.
1004 3038 1034 3086 R.
1053 3040 1100 3087 597
1118 3053 1167 3101 squ
1185 3042 1233 3089 νῦν
1251 3040 1274 3089 oi
1288 3039 1434 3107 cibsvxpp'-

921 3115 1009 3185 ζοντες
1026 3126 1179 3178 αίκάλλονσί
1196 3131 1266 3194 με·τὸ
1283 3132 1332 3196 γὰρ
1349 3135 1435 3195 τυχεῖν

921 3217 1009 3274 αιίποῖς
1026 3216 1275 3269 ἅπανθ’ἐνταῦθ’ἔνι.

955 3305 1021 3356 ὅπον
1030 3308 1078 3372 γὰρ
1093 3307 1125 3367 ἦν
1136 3307 1291 3373 κεχρημένον
1302 3311 1318 3358 i.
1331 3324 1353 3358 e.
1366 3324 1433 3368 cum,

921 3397 1132 3459 quandoquidem
1159 3412 1204 3461 per
1228 3400 1364 3447 oraculum
1381 3400 1435 3448 edi-

921 3492 979 3535 tum
989 3491 1057 3547 erat;
1066 3503 1117 3550 quo
1127 3503 1205 3538 sensu
1214 3491 1318 3553 saepius
1326 3491 1436 3539 adhibet

923 3578 1074 3626 Herodotus
1091 3580 1125 3627 cf.
1144 3579 1169 3638 I,
1188 3582 1227 3638 68,
1246 3582 1303 3639 192;
1321 3581 1435 3642 Ν,19ὄ;

922 3669 986 3730 VII,
1014 3671 1071 3728 160;
1098 3670 1207 3733 Antiph.
1233 3671 1303 3730 1‚7:
1326 3670 1392 3721 ὅπου
1410 3671 1434 3721 δὲ

920 3759 956 3823 μὴ
990 3756 1113 3818 ἠθέλησεν
1142 3760 1249 3823 ἔλεγχον
1279 3761 1436 3819 ποιήσασθαι

922 3853 974 3898 τῶν
992 3847 1238 3913 πεπραγμένων...

954 3967 987 3974 -
1003 3939 1032 3988 τὸ
1050 3939 1153 4004 ἄγαλμα
1173 3942 1219 3999 τῆς
1236 3940 1297 3989 θεοῦ
1308 3939 1437 4006 λάβοιμεν

923 4028 952 4077 τὸ
963 4028 1060 4077 κλαπὲν
1070 4026 1226 4093 παρ’ἠμῶν.
1237 4065 1242 4078 .
1252 4066 1259 4078 ,
1269 4066 1275 4078 .
1287 4029 1436 4092 Singularis

921 4118 1042 4181 profecto
1068 4121 1138 4177 sunt,
1155 4133 1223 4180 quae
1248 4119 1274 4169 h.
1300 4119 1318 4169 l,
1345 4124 1436 4169 auctor

921 4208 1014 4256 tradit.
1040 4207 1142 4256 Multae
1160 4211 1187 4256 et
1205 4208 1293 4256 variae
1309 4212 1385 4258 erant
1396 4209 1435 4257 fa-

921 4296 1000 4345 bulac
1026 4296 1059 4345 de
1088 4296 1201 4345 Palladii
1226 4302 1315 4360 raptu.
1349 4297 1435 4361 Vulgo

921 4386 1028 4447 quidem
1054 4385 1199 4435 credebant
1220 4386 1434 4448 antiquissimum
