3458 5182
395 1603 545 1661 Primum
566 1621 655 1662 nunc
680 1603 826 1663 stilum
848 1603 1120 1662 examinabimus.
1164 1602 1226 1674 Qui
1252 1606 1353 1665 semel
1373 1611 1442 1666 tan·

353 1714 425 1769 tum
458 1709 631 1783 perlegerit
662 1713 730 1767 tam
752 1708 862 1767 Aiacis
884 1726 983 1785 quam
1004 1708 1114 1770 Ulixis
1136 1713 1331 1782 emtionem,
1355 1731 1441 1786 eum,

353 1817 482 1889 opinor,
504 1814 651 1872 advertet
672 1811 846 1872 artificiosa
867 1813 1000 1872 dicendi
1016 1813 1140 1886 iorma,
1157 1832 1220 1890 qua
1234 1816 1357 1893 ubique
1372 1818 1441 1876 fere

353 1920 533 1979 sentcntiae
565 1922 791 1992 exponuntur,
817 1935 921 1994 quum
942 1920 1043 1978 simul
1065 1920 1240 1979 mirabitur
1261 1910 1440 1998 quaesitam

352 2026 527 2085 verborum
560 2023 802 2099 copulationem
832 2041 868 2083 ac
903 2024 1160 2086 collocationem.
1204 2025 1308 2097 Quam
1329 2030 1442 2089 crebra

353 2134 443 2191 enim
465 2130 612 2190 eiusdem
633 2130 725 2188 verbi
748 2131 993 2207 sententiaeque
1015 2134 1180 2207 repetitio,
1203 2139 1282 2209 quot
1301 2135 1440 2194 antithe-

351 2252 417 2308 ses,
449 2238 746 2310 agnominationes,
771 2237 894 2310 parisa,
917 2236 1184 2311 homoioteleuta,
1215 2242 1342 2315 quoties
1370 2258 1440 2299 sen·

351 2343 487 2413 tentiae,
519 2341 653 2416 paribus
680 2340 826 2416 partibus
848 2345 1047 2414 constantes,
1070 2345 1216 2402 numeris
1238 2347 1374 2419 poeticis
1395 2347 1441 2404 ita

350 2447 521 2507 adstrictae
543 2452 634 2520 sunt,
658 2451 694 2506 ut
716 2449 809 2523 quasi
831 2448 951 2522 integri
974 2449 1094 2507 senarii
1115 2453 1171 2508 aut
1193 2467 1349 2509 versuum
1370 2469 1440 2527 par·

351 2559 399 2614 tes
421 2556 457 2613 in
478 2557 660 2613 orationem
681 2553 869 2612 inciderint.

392 2658 573 2719 Affectatae
594 2660 694 2718 huius
715 2661 794 2719 artis
815 2662 886 2717 vim
911 2677 953 2718 ne
979 2662 1096 2736 optimi
1123 2661 1259 2737 quidem
1284 2667 1439 2734 oratores,

351 2765 517 2838 historici,
548 2768 689 2825 ceterive
711 2765 811 2824 huius
837 2766 951 2823 aetatis
974 2767 1146 2840 scriptores
1168 2769 1439 2842 praestantissimi

351 2873 486 2930 omnino
508 2869 708 2944 effugerunt3
731 2871 788 2929 sed
810 2870 897 2946 apud
913 2870 1022 2929 nullos
1037 2870 1295 2947 frequentiorem
1310 2874 1440 2931 invenit

350 2993 464 3048 usum,
496 2977 640 3049 magisve
670 2975 815 3050 expolita
843 2992 880 3034 ac
912 2974 1055 3050 perfecta
1087 2981 1135 3035 est
1156 2993 1254 3053 quam
1276 2978 1363 3052 apud
1385 2995 1439 3036 eos

349 3082 503 3154 rhetores,
531 3083 587 3158 qui
610 3083 645 3139 in
668 3079 752 3140 fictis
775 3079 974 3156 quibusdam
995 3084 1026 3138 et
1047 3097 1065 3138 a
1086 3085 1189 3140 semet
1211 3083 1291 3157 ipsis
1313 3080 1438 3157 excogi-

349 3188 425 3246 tatis
457 3187 657 3261 argumentis
678 3190 781 3244 artem
802 3185 936 3244 dicendi
960 3188 1193 3259 exercitarunt,
1216 3189 1303 3247 viam
1325 3191 1438 3261 secuti,

350 3309 448 3368 quam
470 3294 536 3351 iam
558 3289 626 3367 ipse
652 3289 784 3364 Gorgias
805 3290 968 3367 praeierat.
997 3290 1207 3367 Quapropter,
1230 3293 1257 3352 si
1279 3293 1438 3353 declama-

349 3398 491 3471 tionum,
513 3416 595 3475 quae
617 3415 676 3457 nos
698 3395 860 3470 detinent,
883 3394 1044 3471 originem
1067 3397 1260 3457 constituere
1275 3397 1437 3470 volumus,

350 3503 495 3561 multum
527 3504 613 3562 valet
644 3500 878 3577 Gor-gianarum
905 3500 1083 3574 figurarum
1104 3500 1138 3561 in
1160 3501 1199 3562 iis
1220 3501 1437 3576 investigatio;

349 3613 524 3684 antequam
536 3610 626 3667 enim
639 3625 792 3684 quaerere
804 3623 950 3681 possum,
963 3606 1035 3683 quis
1047 3606 1147 3666 fuerit
1156 3612 1281 3681 auctor,
1294 3606 1437 3682 primum

349 3713 464 3773 attinet
491 3731 661 3790 quaerere,
689 3730 850 3790 quaenam
870 3709 972 3771 insint
993 3710 1127 3786 vestigia
1148 3711 1225 3773 artis
1250 3711 1437 3786 Gorgianae.

389 3819 595 3880 Tribuuntur
626 3817 701 3878 Aias
733 3823 764 3876 et
785 3815 899 3877 Ulixes
921 3835 939 3875 a
962 3815 1107 3892 Diogene
1130 3817 1256 3878 Laertio
1270 3819 1295 3896 ¹)
1328 3817 1437 3878 Antis·

348 3925 454 3996 theni;
484 3925 647 4002 quomodo
669 3941 757 3982 nunc
779 3923 1007 3994 decernemus,
1029 3939 1111 3980 num
1133 3927 1218 3981 recte
1240 3922 1301 3982 hoc
1323 3920 1437 3981 iecerit

349 4030 534 4105 Diogenes?
567 4027 724 4087 Statimne
746 4045 786 4086 ex
808 4031 1000 4101 argumento
1022 4025 1138 4086 efficiet
1160 4027 1261 4086 lector
1275 4025 1436 4103 quispiam

381 4283 403 4346 1)
439 4283 513 4345 Diog.
534 4281 620 4330 Laert.
641 4280 687 4328 Vl.
705 4282 743 4328 15.
760 4306 791 4317 -
808 4279 908 4341 dequo
927 4278 1031 4340 antiqui
1047 4278 1162 4327 auctoris
1178 4277 1329 4327 testimonio
1348 4280 1436 4329 confe-

348 4376 446 4424 rendus
463 4378 503 4424 est
520 4372 635 4422 Blassius
651 4373 679 4419 in
696 4371 778 4434 praei.
796 4370 831 4418 ad
847 4370 1022 4433 Antiphontis
1041 4368 1184 4418 editionem
1202 4369 1223 4418 I.
1241 4384 1265 4432 p.
1283 4369 1371 4419 XVII.
