3458 5182
944 346 984 409 24

686 525 958 614 ἀντιλέγοντα
986 529 1105 597 παύειν,
1134 525 1221 591 ἀλλὰ
1248 521 1413 590 διδάσκειν·
1436 518 1507 587 οὐδὲ

684 634 747 719 γὰρ
775 635 832 699 τὸυ
852 634 1046 730 Q
1068 630 1327 711 ἀντιμαινόμενός
1348 656 1396 702 τις
1418 632 1508 693 lirrat-

423 762 453 819 p.
478 739 526 814 ab,
549 741 589 799 fr.
612 738 660 799 92.
684 738 777 812 Diog.
810 738 914 798 Laert.
946 738 1013 810 VI,
1045 735 1077 806 33
1113 770 1154 780 —
1186 735 1219 795 cf
1251 751 1359 810 supra:
1387 732 1426 798 ἂν
1453 739 1509 815 μὲν

686 842 786 920 καλὴν
822 841 900 919 ἕξεις
926 846 1084 918 κοινήν,
1116 841 1155 906 ἂν
1187 838 1219 907 δὲ
1250 840 1399 927 αἰσχρὰν,
1431 836 1509 915 ἕξεις

685 953 842 1026 ποινήν·

464 1059 508 1117 id.
551 1056 591 1116 fr.
615 1054 662 1118 95.
685 1056 779 1130 Diog.
810 1055 914 1115 Laert.
935 1055 999 1127 VI,
1021 1052 1052 1114 3:
1076 1053 1231 1135 Onidam,
1255 1054 1312 1130 qui
1339 1069 1372 1112 se
1398 1051 1509 1110 Antis-

686 1163 778 1221 theni
790 1164 826 1220 In
837 1160 1047 1236 disciplinam
1064 1160 1140 1219 dare
1154 1159 1268 1234 vellet,
1280 1160 1417 1233 roganti,
1429 1158 1510 1235 quid

688 1284 768 1343 opus
800 1270 898 1338 esset,
929 1264 1109 1341 respondit:
1138 1261 1332 1354 βιβλιαρῖου
1357 1268 1419 1329 καὶ
1442 1272 1511 1329 νοῦ

688 1376 737 1438 καὶ
752 1375 906 1459 γραφείου
928 1375 986 1435 καὶ
1007 1376 1073 1434 νοῦ
1096 1375 1144 1434 καὶ
1158 1366 1335 1437 πινακιδίου
1351 1369 1410 1436 καί
1435 1376 1511 1436 νοῦ.

425 1503 455 1560 p.
479 1480 526 1553 61,
548 1481 589 1540 fr.
612 1476 660 1538 98.
683 1478 777 1552 Diog.
810 1476 915 1536 Laert.
951 1474 1008 1549 VI,
1044 1475 1075 1536 5:
1119 1478 1223 1567 ὥσπερ
1260 1477 1322 1543 ὑπὸ
1358 1484 1414 1542 τοῦ
1450 1481 1512 1542 ἰοῦ

689 1586 745 1649 τὸν
782 1580 931 1670 σίδηρον,
967 1581 1068 1657 οὕτως
1106 1581 1193 1669 ἔλεγε
1226 1586 1301 1659 τοὺς
1334 1587 1513 1672 φθονεροὺς

687 1692 749 1756 ὑπὸ
771 1697 827 1755 τοῦ
849 1686 956 1755 ἰδίου
978 1688 1080 1764 ἤθους
1102 1693 1330 1755 κατεσθίεσθαι·

426 1796 768 1877 p.65.fr.121.P1ut-.
798 1796 838 1855 de
866 1794 964 1854 Stoic.
991 1813 1074 1870 resp.
1102 1795 1192 1855 XIV.
1220 1793 1268 1856 13.
1295 1814 1325 1872 p.
1353 1792 1425 1855 356:
1457 1803 1513 1860 τοῦ

688 1902 925 1975 Ἀντισθίνουςτ
947 1903 983 1966 τὸ
1006 1896 1070 1966 δεῖν
1091 1905 1224 1966 κτᾶσθαι
1246 1907 1323 1967 νοῦν
1339 1901 1357 1977 ἢ
1371 1901 1514 1992 βρόχον·

644 2029 654 2052 ·
689 2009 798 2083 potius
820 2005 1050 2080 corrigendum
1067 2023 1142 2064 cum
1158 2005 1253 2080 Diog.
1269 2005 1372 2068 Lacrt.
1387 2009 1446 2080 VI,
1462 2009 1513 2070 24:

689 2113 725 2178 τὸ
749 2107 813 2176 δεῖν
835 2113 967 2177 κτᾶσθαι
989 2110 1094 2197 λόγον
1116 2107 1297 2199 ἢβρόχον·

469 2327 532 2385 ΙΙΙ.
576 2323 715 2411 Πίιρισιι,
738 2324 859 2400 qulbus
881 2340 974 2400 saepe
996 2321 1136 2388 ἰσόκωλα
1156 2325 1352 2398 iunguntur:

428 2451 458 2509 p.
481 2430 529 2503 17,
552 2430 591 2489 ir.
635 2427 663 2488 9.
685 2428 806 2489 Athen.
838 2429 877 2502 V,
908 2448 938 2505 p.
968 2425 1028 2489 220
1056 2427 1091 2488 Ο.
1120 2427 1335 2488 Antisthenes
1357 2431 1392 2488 in
1414 2431 1515 2490 altero

691 2533 776 2609 Cyro
798 2535 837 2593 de
859 2534 1031 2593 Alcibiade
1051 2533 1153 2592 'dixin

693 2676 731 2684 -
752 2637 962 2726 Ἀλκιβιάδην
985 2644 1033 2707 καὶ
1055 2642 1243 2728 παράνομον
1266 2643 1343 2707 εἶναι
1361 2640 1474 2727 (λέγει)
1494 2640 1499 2723 Ι

691 2751 741 2840 καὶ
756 2752 800 2823 εἰς
815 2759 967 2834 γυναῖκας
986 2745 990 2827 Ι
1010 2753 1058 2812 καὶ
1081 2751 1124 2823 εἰς
1146 2751 1204 2824 τὴν
1226 2746 1331 2824 ἄλλην
1347 2744 1475 2815 διαίταυ.
1495 2747 1500 2830 Ι

692 2858 832 2921 συνεῖναί
869 2856 931 2942 γάρ
970 2869 1065 2942 φησιν
1105 2855 1202 2920 αὐτὸν
1238 2859 1287 2920 καὶ
1324 2858 1415 2941 μητρὶ
1441 2852 1446 2935 Ι
1469 2859 1516 2919 καὶ

691 2964 827 3048 θυγατρὶ
846 2959 850 3041 Ι
869 2990 917 3027 και
927 2958 1058 3048 ἀδελφῇ,
1077 2959 1082 3040 Ι
1100 2962 1145 3036 ὡς
1157 2964 1294 3049 Πέρσας.
1315 2961 1356 3021 ef.
1370 2960 1517 3021 Eustath.

691 3068 732 3126 ad
755 3066 852 3126 Hom.
876 3064 935 3126 Od.
958 3066 1018 3139 XI,
1040 3085 1070 3142 p.
1093 3063 1162 3126 378.
1184 3066 1234 3126 ed.
1259 3066 1351 3126 Rom.

471 3175 515 3233 id.
557 3174 598 3234 ir.
621 3172 668 3233 10.
690 3174 811 3234 Athen.
842 3173 926 3246 XII,
949 3191 980 3250 p.
1002 3171 1062 3234 534
1083 3171 1118 3234 0.
1141 3176 1260 3234 Iterum
1283 3174 1323 3233 de
1344 3174 1517 3234 Alcibiade

694 3279 807 3337 acerbe
830 3279 965 3338 iudicat:

692 3417 733 3427 -
754 3386 891 3472 ἰσχυρὸν
913 3385 1009 3452 αὐτὸν
1027 3381 1032 3464 Ι
1050 3389 1100 3450 καὶ
1122 3381 1268 3473 ἀνδρώδη
1287 3383 1292 3466 Ι
1311 3391 1358 3451 καὶ
1375 3384 1518 3454 ἀπαίδευ-

692 3517 749 3556 τον
774 3488 779 3569 Ι
805 3488 853 3557 καί
880 3491 1043 3579 τολμηρὸν
1067 3489 1073 3570 Ι
1097 3496 1145 3557 καὶ
1168 3493 1285 3578 ὡραῖον
1304 3489 1308 3570 Ι
1327 3492 1372 3579 ἐφ’
1394 3493 1518 3570 ἡλικίας

695 3601 842 3684 γενέσθαι
864 3603 969 3686 φησίν.

432 3724 463 3782 p.
486 3702 534 3777 23,
556 3705 596 3764 fr.
619 3703 667 3765 24.
689 3704 849 3765 Theodor.
871 3704 925 3765 Gr.
940 3704 1060 3765 Affect.
1077 3704 1185 3765 Curat.
1203 3704 1294 3782 Disp.
1312 3705 1337 3782 ¹)
1362 3705 1388 3778 Ι,
1403 3723 1434 3781 p.
1449 3703 1518 3763 477.

696 3810 746 3869 ed.
770 3808 875 3883 ParIs,
897 3828 959 3870 sec.
982 3810 1060 3869 Ant.
1083 3809 1163 3870 deus
1185 3811 1313 3869 nemini
1336 3810 1470 3868 similis:

693 3949 735 3959 -
767 3915 830 3980 ἀπὸ
862 3918 985 3992 εἰκόνος
1017 3917 1055 3982 οὗ
1088 3913 1283 4002 γνωρίζεται,
1313 3911 1519 3999 Ιόφθιιλμοῐς

697 4022 761 4109 οὐχ
781 4024 904 4109 ὁρᾶται,
924 4020 929 4102 Ι
948 4019 1051 4089 οὐδένι
1073 4022 1180 4088 ἐὀικεν·

466 4173 489 4239 ¹)
526 4175 620 4224 Sintnc
637 4175 703 4224 haec
719 4175 798 4224 verba
809 4176 890 4239 ipsius
902 4175 1081 4236 Antisthenis,
1094 4174 1234 4223 admodum
1250 4174 1279 4222 in
1295 4176 1396 4222 certum
1408 4173 1520 4223 videtur.

434 4266 468 4315 cf.
491 4264 571 4313 Clem.
596 4264 670 4314 Alex.
696 4265 840 4328 Protrept,
864 4279 885 4314 c.
903 4264 953 4325 Vl,
972 4263 986 4330 ξ
1004 4266 1048 4323 71,
1066 4278 1091 4329 p.
1109 4264 1148 4314 61.
1183 4263 1252 4314 Pott.
1270 4290 1302 4299 -
1319 4262 1353 4314 id.
1373 4263 1466 4311 Strom.
1487 4263 1520 4323 V,

434 4370 456 4409 c.
475 4357 518 4404 14.
536 4353 551 4418 ξ
569 4357 624 4409 109,
