3458 5182
838 374 876 437 73

317 557 434 626 δειλίαν
456 553 632 633 ὀνειδίζεις·
655 560 694 622 σὺ
717 553 747 622 δὲ
763 557 788 622 εί
806 586 834 622 τι
850 562 994 646 φανερῶς
1006 559 1155 640 <μιίτην>
1168 559 1325 640 ἐμόχθεις,
1348 558 1398 619 καὶ

314 668 415 749 μάτην
436 664 564 740 ἠλίθιος
584 667 677 739 ἦσθα.
700 661 720 738 ἢ
741 667 788 728 ὅτι
809 664 883 746 μετὰ
905 666 1034 730 πάντων
1055 669 1149 728 τοῦτο
1171 659 1320 750 ἔδρασας,
1344 660 1399 726 οίει

314 769 457 858 βελτίων
479 769 575 839 tivum
597 768 698 836 ’ἔπειτα
720 774 789 857 περὶ
811 769 922 855 ἀρετῆς
934 773 1018 857 πρὸς
1030 773 1077 852 ἐμὲ
1091 769 1208 855 λέγεις;
1220 768 1399 855 ὅςπρῶτον

314 881 369 958 μὲν
401 877 458 941 οὐκ
489 874 584 940 οἶσθα
618 871 686 940 οὐδ’
718 878 808 951 ὅπως
840 872 898 942 ’ἔδει
925 877 1097 963 μάχεσθαι,
1131 873 1206 940 ἀλλ’
1235 877 1340 960 ὥσπερ
1362 873 1399 948 ὗς

315 982 429 1069 ἄγριος
458 985 542 1069 ὀργῇ
574 983 747 1069 φερόμενος
779 982 851 1066 τάχ’
883 981 923 1046 ἄν
953 1009 1028 1047 ποτε
1061 980 1240 1055 ἀποκτενεῖς
1266 982 1399 1045 σεαυτὸν

314 1094 397 1172 κακῴ
417 1087 594 1175 περιπεσών
615 1116 668 1173 τῳ.
709 1087 766 1153 οὐκ
793 1086 890 1153 οἶσθα
918 1090 965 1152 ὅτι
986 1090 1044 1152 τὸν
1066 1083 1166 1174 ἄνδρα
1191 1087 1247 1152 τδν
1270 1085 1398 1172 ἀγαθὸν

314 1193 382 1259 οὔθ’
404 1196 454 1281 ὑφ’
477 1194 572 1259 αὑτοῦ
595 1196 658 1282 χρὴ
680 1191 751 1258 οὔθ’
773 1195 824 1281 ὑφ’
845 1197 949 1279 ἑτέρου
978 1189 1043 1259 οὐδ’
1067 1195 1128 1260 ὑπὸ
1149 1197 1214 1258 τῶν
1236 1192 1397 1272 πολεμίων
1410 1187 1437 1264 ⁷)

314 1302 409 1366 κακὸν
439 1297 506 1367 οὐδ’
529 1305 635 1366 ὁτιοῦν
664 1302 819 1388 πάσχειν;
850 1304 889 1365 σὺ
914 1298 946 1367 δὲ
968 1304 1073 1389 ὥσπερ
1095 1303 1125 1365 οἱ
1146 1296 1254 1374 παῖδες
1277 1302 1397 1387 χαίρεις

314 1409 361 1470 ὅτι
383 1409 418 1471 σε’
440 1420 537 1493 φασιν
563 1404 627 1473 οἵδε
647 1403 792 1496 ἀνδρεῖον
815 1407 908 1475 εἶναι·
932 1411 994 1493 ἐγὼ
1007 1404 1037 1474 δὲ
1051 1404 1233 1474 δειλότατόν
1244 1433 1280 1491 γε
1299 1403 1397 1469 ἁπάν-

312 1540 376 1577 των
399 1540 430 1576 τε
453 1517 501 1579 καὶ
524 1510 645 1580 δεδιότα
672 1517 729 1581 τὸν
750 1516 894 1581 θάνατον
915 1514 1067 1598 μάλιστα·
1084 1515 1184 1588 ’ὅστις
1205 1540 1241 1597 γε
1266 1514 1395 1595 πρῶτον

313 1618 398 1684 ὅπλα
421 1618 503 1706 ἐ’χεις
526 1619 665 1708 ι’ίρρηκτα
685 1626 734 1686 καὶ
756 1620 895 1709 ἄτρωτα,
919 1616 956 1687 δι’
979 1620 1057 1708 ίίπερ
1081 1621 1115 1684 σέ
1136 1632 1232 1705 φασιν
1254 1616 1396 1701 ἄτρωτον

312 1724 397 1789 εἶναι·
420 1730 518 1792 καίτοι
540 1731 570 1792 τί
591 1726 630 1792 ἂν
654 1723 801 1810 δριίσαις,
824 1728 850 1792 εί
870 1756 918 1803 τις
937 1733 989 1794 σοὶ
1003 1731 1075 1792 ’τῶν
1095 1724 1257 1808 πολεμίοιν
1268 1728 1395 1788 τοιαῦτα

312 1831 398 1897 ὅπλα
429 1832 513 1920 ἔχων
543 1832 733 1921 προσέλθοις
764 1838 781 1910 ἦ
814 1863 877 1900 που
909 1833 1010 1899 καλόν
1030 1861 1059 1897 τι
1081 1836 1129 1897 καὶ
1148 1830 1333 1914 θαυμαστὸν
1356 1827 1395 1893 ἂν

312 1938 370 2014 ε’ίη,
393 1944 415 2005 εἰ
437 1937 606 2029 μηδέτερος
630 1942 718 2021 ὑμῶν
741 1938 837 2024 μηδὲν
860 1937 974 2029 δρᾶσαι
996 1937 1132 2006 δύναιτο·
1169 1937 1271 2003 ἔπειτα
1293 1935 1348 1999 οίει
1366 1964 1394 2000 τι

310 2101 339 2163 β.
363 2104 427 2151 εἶναι
450 2117 499 2150 om.
522 2104 598 2152 τοῦτο
625 2102 679 2150 uid.
702 2130 735 2138 —
757 2104 821 2167 πρὸς
843 2101 894 2167 ἐμὲ,
916 2121 945 2168 με
965 2103 994 2152 C.
1011 2130 1044 2138 —
1061 2101 1171 2151 σεαυτὸν
1188 2100 1234 2148 Χ.;
1250 2097 1346 2148 ααντὸν
1362 2125 1393 2133 -

310 2196 393 2250 κακῶς
410 2192 445 2274 M:
456 2192 482 2242 J.
495 2192 523 2242 C.
536 2193 568 2243 N.
581 2193 623 2252 X.,
635 2195 704 2258 κακῷ
719 2193 779 2243 Ald.
797 2193 845 2242 Bk.
861 2221 894 2228 -
905 2193 1075 2255 περιπεσόντα
1088 2192 1125 2253 0.,
1147 2189 1346 2255 περιπεσώντων
1358 2188 1394 2237 Μ.

311 2277 453 2361 reputaris
470 2298 501 2347 N.
519 2299 613 2349 omisso
630 2318 675 2365 τιρ,
694 2300 838 2365 περιπεσών
854 2318 889 2364 τῳ
901 2300 935 2348 Χ.
947 2298 974 2347 J.
985 2298 1011 2347 b.
1022 2298 1081 2348 Ald.
1094 2297 1141 2346 Bk.
1160 2325 1194 2332 -
1209 2296 1272 2362 ξίφει
1283 2295 1394 2345 inseruit

311 2387 391 2436 Blass.
409 2391 466 2450 posi
483 2389 521 2453 τῷ
537 2389 577 2438 ed.
596 2389 632 2438 II.

343 2476 384 2523 καὶ
400 2480 463 2524 ante
481 2477 526 2526 οὐκ
543 2479 619 2527 οἶσθα
639 2480 666 2527 0.
684 2477 742 2528 οὐδ’
761 2479 786 2528 S.
799 2506 831 2514 -
843 2476 974 2542 ὑφάὑτοῦ
993 2476 1082 2539 steph.
1095 2475 1157 2525 Rsk.
1175 2474 1311 2525 ὑπἀὐτοῦ
1323 2475 1393 2537 vulg.

311 2565 359 2615 Bk.
377 2567 402 2616 S.
419 2595 452 2603 -
468 2566 583 2618 οὐδ’ὑπὸ
601 2573 653 2618 τῶν
670 2570 752 2617 Blass.
769 2569 808 2617 ed.
827 2567 850 2627 I;
868 2571 946 2627 „anie
963 2562 1080 2616 oiS’irri
1098 2570 1149 2614 τῶν
1158 2563 1217 2615 παλ.
1231 2564 1395 2613 desideratur

310 2655 425 2707 οὗθ’ὑπὸ
443 2662 495 2708 τῶν
512 2658 607 2724 φίλων”
626 2660 708 2710 Blass.
725 2660 765 2708 ed.
783 2659 819 2708 ΙΙ.

343 2745 364 2810 ⁷)
399 2746 525 2798 ἁπαντων
542 2751 584 2799 καί
596 2750 624 2799 G.
637 2750 685 2798 Bk.
697 2769 723 2800 τε
734 2750 775 2799 rai
790 2750 878 2812 steph.
891 2749 925 2811 S.,
938 2747 985 2814 ἐγὼ
997 2747 1022 2797 δέ
1034 2767 1061 2814 γε
1072 2745 1218 2798 δειλότατόν
1229 2763 1255 2795 τε
1268 2743 1396 2794 ἁπάντων

309 2855 335 2886 σε
354 2839 395 2886 καὶ
413 2837 435 2887 δ.
454 2840 498 2888 cit.
517 2838 578 2888 Rsk.
598 2867 631 2874 -
647 2839 762 2903 ἄτρωτον
779 2839 808 2888 O.
817 2839 862 2901 X„
873 2843 977 2902 πρῶτον
985 2838 1011 2886 J.
1024 2838 1059 2888 Μ.
1072 2838 1105 2887 N.
1114 2837 1140 2886 b.
1149 2837 1178 2886 osi
1187 2837 1295 2899 τρωτὸν,
1305 2835 1395 2883 Bk.-

309 2927 414 2990 ὃράσαις
431 2929 520 2989 editu,
543 2928 638 2994 δράσῃς
656 2928 715 2977 (iu
738 2929 773 2977 Μ.
786 2928 819 2976 N.
831 2928 865 2975 X.
878 2927 903 2976 b.
921 2954 953 2963 -
969 2926 1029 2992 μηδὲ
1047 2924 1131 2990 ’ἕτερος
1147 2926 1183 2974 X.
1200 2952 1230 2961 -
1248 2927 1306 2987 posi
1323 2922 1395 2988 ὑμῶν

313 3130 364 3180 ὑπὸ
383 3137 435 3181 τῶν
451 3132 511 3183 πολ.
529 3133 693 3182 desideratur
706 3131 823 3182 αὕθ’ὑπὸ

312 3226 364 3271 τῶν
374 3223 462 3286 φίλων.
473 3222 701 3271 Placebiicuidam
710 3223 823 3272 fortusse

312 3310 361 3358 hoc
373 3309 592 3358 additamentum.
611 3310 741 3359 Omittam
750 3312 822 3373 equi-

311 3399 822 3462 dempotius,numrectequueleguntur

312 3504 339 3538 se
356 3490 471 3538 habent:
488 3490 530 3538 vir
546 3490 623 3538 fortis
640 3504 691 3539 nec
708 3505 723 3538 a
740 3494 823 3540 semei

311 3579 375 3642 ipso,
394 3579 493 3629 neceb
511 3579 569 3641 ulio,
588 3581 751 3642 (quicunque
768 3586 822 3643 est,

312 3668 366 3717 sive
383 3669 482 3718 amicus
500 3669 556 3718 sivo
572 3668 715 3732 inimicus),
735 3684 769 3718 ne
788 3670 822 3719 ab

310 3756 822 3822 inimicisquiuem(oes'svriruvnoi.)

310 3848 378 3896 laedi
397 3847 484 3896 debet.
514 3848 676 3897 Postremum
694 3847 749 3898 οὗθ’
761 3849 822 3897 inde

311 3939 467 3986 mutandum
477 3938 553 3987 estin
563 3937 625 3999 οὐδ’,
634 3943 665 3987 ui
674 3939 729 4004 ipse
740 3939 821 3988 Blass.

311 4027 362 4075 iam
380 4029 515 4091 proposuit
532 4027 572 4077 ed.
589 4028 611 4079 I.

342 4114 367 4177 ⁷)
402 4117 515 4180 ἅρρηιιτα
533 4117 574 4165 rai
593 4117 694 4182 ἅπρωτα
706 4133 779 4167 arma
790 4145 821 4154 —

311 4208 381 4254 inter
403 4207 491 4255 Aiacis
512 4221 585 4255 arma
602 4209 701 4271 primus
718 4214 757 4257 est
774 4224 820 4258 no-

311 4296 453 4345 minandus
477 4296 577 4360 clipeus
603 4299 649 4360 (Ii.
673 4299 820 4358 VI1‚2oe;

314 4385 386 4446 VIII,
412 4387 468 4447 267,
494 4384 544 4447 XI,
568 4387 638 4449 485).
673 4388 705 4436 In
722 4388 821 4437 fabulis

880 3131 1077 3195 posthomericis
1098 3130 1183 3178 multa
1203 3129 1390 3178 amoribuntur

880 3222 967 3270 Aiacis
975 3218 1390 3285 personaequibusolimtruditio

880 3310 975 3359 caruit.
994 3310 1038 3358 Itu
1056 3325 1080 3360 v.
1092 3324 1113 3358 c.
1131 3313 1192 3373 post
1204 3308 1321 3372 ἄτρωτον
1329 3322 1387 3356 cum

880 3404 978 3449 vocant
995 3399 1039 3462 (cf.
1058 3401 1125 3450 Plat.
1145 3401 1232 3462 Symp.
1250 3415 1275 3462 p.
1294 3401 1340 3448 219
1359 3399 1390 3457 u,

881 3491 1000 3552 Aeschyl.
1023 3491 1056 3540 fr.
1080 3491 1124 3552 78)
1142 3492 1173 3537 ut
1189 3488 1216 3540 h.
1232 3489 1251 3538 1.
1268 3488 1389 3538 invulne-

879 3580 988 3628 rabilem
1007 3594 1067 3628 cum
1084 3579 1202 3643 appellat
1220 3578 1327 3638 Ulixes;
1345 3580 1390 3628 cli·

880 3683 957 3734 psum
975 3669 1118 3718 infractum
1145 3669 1298 3733 (ἄρρηκτον)
1320 3671 1389 3718 insu-

878 3774 924 3824 per
935 3760 1051 3824 ἅτρωτον
1060 3759 1228 3820 „inviolabile
1235 3758 1311 3808 tolis”
1323 3759 1390 3809 dicit

878 3853 909 3897 ut
925 3849 1069 3898 transitum
1087 3849 1137 3899 sibi
1154 3853 1229 3914 paret
1246 3850 1280 3897 ad
1297 3854 1389 3899 notum

878 3939 966 3988 Aiacis
983 3940 1101 3988 titulum.

910 4028 956 4077 τὸν
964 4026 1050 4093 ’ἕτερον
1058 4028 1153 4077 addere
1163 4031 1220 4091 post
1229 4027 1320 4088 δρᾶσαι
1329 4043 1389 4076 cum

879 4117 982 4166 Reiskio
996 4132 1050 4166 non
1067 4132 1133 4181 opus
1149 4120 1202 4178 est,
1220 4131 1282 4165 nam
1299 4117 1390 4182 δρᾶσαι

876 4209 902 4256 h.
919 4209 938 4257 l.
955 4207 1056 4257 officere
1073 4209 1139 4271 sign.

911 4299 980 4362 ἔχειν
995 4298 1049 4358 ὴ-
1063 4298 1218 4347 Infinitivus
1229 4300 1390 4349 necessarius
1486 4352 1488 4356 ,

877 4390 918 4437 est
935 4401 951 4435 a
969 4386 1074 4436 Reiskio
1091 4387 1218 4450 repositus
1235 4402 1297 4435 nam
1308 4403 1388 4453 oppo-
