3458 5182
946 381 985 446 18

417 569 450 632 ἐν
481 576 549 643 τοῖς
581 563 745 654 διαλόγοις·
777 570 909 655 ἐπιφέρει
942 574 988 634 καὶ
1014 567 1152 651 μάλιστα
1174 570 1206 634 ἓν
1228 577 1263 644 τῆ
1286 567 1436 654 Ἀληθείᾳ
1458 574 1506 634 καὶ

416 683 484 747 τοῖς
500 680 758 760 Προτρεπτικοῖς.
774 674 1047 734 Exhortationum
1064 675 1157 748 liber,
1170 677 1227 752 qui
1240 692 1315 748 ergo
1327 674 1505 735 rhetoricae

417 779 581 856 exemplar
601 779 772 862 habendus
795 784 842 840 est
865 780 1047 840 secundum
1061 779 1252 855 Uiogenem
1271 797 1504 855 saepenumero

416 883 503 958 apud
529 888 654 943 veteres
676 891 958 944 commemoratur.
991 885 1025 944 Si
1047 887 1148 960 igitur
1169 885 1266 961 paulo
1288 885 1419 960 longius
1444 886 1504 945 hac

416 991 451 1046 in
471 1008 505 1048 re
527 1008 706 1065 moramur,
729 991 763 1049 id
784 992 900 1050 habeat
914 991 1041 1068 aliquid
1056 993 1289 1065 excusationis,
1302 992 1389 1068 quod
1401 994 1503 1051 nostri

416 1113 545 1172 quoque
577 1097 640 1154 viri
674 1097 759 1156 docti
787 1097 866 1156 huic
888 1097 972 1156 libro
994 1114 1156 1157 summam
1179 1098 1342 1157 dederunt
1362 1115 1502 1173 operam.

415 1200 489 1259 Jam
506 1200 759 1262 Winckelmann
770 1203 796 1281 ¹)
813 1205 848 1261 in
863 1203 1057 1277 fragmentis
1071 1204 1219 1280 quinque
1235 1203 1323 1264 locos
1334 1209 1504 1263 enumerat

416 1308 473 1384 qui
495 1307 536 1364 ad
558 1325 639 1382 opus
654 1308 753 1366 hocce
769 1307 933 1367 referendi
949 1312 1034 1367 sunt.
1058 1306 1174 1381 Causa,
1189 1325 1247 1366 cur
1259 1315 1503 1396 Προτρεπτικῶν

416 1410 587 1470 libertam
615 1412 805 1488 frequenter
832 1413 985 1472 laudatur
1006 1413 1085 1472 haec
1107 1431 1175 1472 esse
1197 1414 1341 1474 videtur:
1364 1420 1502 1491 praeter·

309 1571 312 1578 .
415 1534 523 1592 quam,
546 1518 634 1594 quod
657 1521 691 1577 in
713 1519 765 1579 his
783 1519 922 1594 dialogis
937 1521 1081 1578 maxime
1093 1518 1229 1594 Gorgiae
1245 1519 1378 1580 dicendi
1398 1538 1501 1595 genus

414 1625 577 1697 apparuit,
609 1623 664 1683 hic
701 1643 830 1702 quoque
864 1628 899 1684 in
929 1625 1133 1699 singularum
1156 1625 1361 1702 quarundam
1383 1645 1501 1687 vocum

414 1745 510 1787 usum
549 1731 738 1804 incidimus,
776 1750 857 1809 quae
893 1730 1023 1805 singula
1053 1731 1212 1790 vocabula
1242 1734 1447 1805 grammatici
1469 1737 1500 1791 et

414 1835 636 1911 lexicographi
668 1837 845 1910 diligenter
875 1836 1123 1895 adnotaverunt.
1169 1835 1222 1895 Sic
1244 1840 1356 1896 notatu
1383 1837 1499 1911 digna,

413 1960 454 1999 ex
467 1946 710 2029 Προτριπτικιῖιν
726 1942 810 2000 libro
826 1942 959 2001 collecta
976 1946 1198 2001 memorantur
1212 1944 1382 2018 sequentia
1400 1944 1499 2002 verba

412 2054 468 2107 aut
490 2050 586 2121 dicta,
609 2051 636 2107 si
659 2049 775 2107 mavis:
797 2047 823 2123 9)
848 2044 1049 2133 βομβυλιὸς,
1066 2045 1245 2134 δελφάκιον,
1261 2044 1385 2137 οὕριιος
1401 2045 1499 2135 βῖκος

412 2173 551 2232 quorum
584 2158 730 2231 primum
761 2151 950 2240 βομβυλιὸς
982 2156 1179 2214 vocabulum
1212 2158 1258 2214 ita
1290 2159 1498 2247 memoratur,

411 2265 447 2318 ut
479 2266 564 2320 certe
596 2262 733 2334 vestigia
765 2260 791 2337 ³)
808 2260 966 2337 quaedam
1003 2259 1080 2318 libri
1110 2261 1230 2335 perditi
1254 2261 1498 2337 deprehendere

410 2368 581 2440 possimus.
614 2366 747 2425 Etenim
771 2365 926 2424 Isocrates
949 2366 984 2422 in
1008 2364 1135 2425 Helena
1159 2363 1173 2444 φ
1198 2364 1249 2426 12:
1271 2370 1335 2432 τῶν
1356 2371 1412 2450 μὲν
1434 2367 1497 2455 γὰρ

410 2459 485 2546 roric
506 2469 715 2558 βομβυλιοὺς
737 2477 785 2537 καὶ
808 2476 883 2547 τοὺς
906 2471 988 2547 ἅλας
1004 2477 1051 2536 καὶ
1063 2473 1101 2537 τὰ
1114 2479 1242 2538 τοιαῦτα
1251 2470 1498 2559 βουλευθέντων
1529 2476 1531 2478 ’

409 2579 545 2643 ἐπαινεῖν
567 2574 670 2654 οὐδεὶς
692 2582 817 2643 πώποτε
832 2577 943 2663 λόγων
959 2578 1120 2663 ἠπόρησεν
1135 2581 1350 2654 perstringere
1366 2580 1498 2639 videtur

408 2682 643 2742 Antisthenem
663 2684 720 2760 (cf.
743 2685 787 2744 id.
811 2681 845 2762 φφ
874 2683 907 2756 1,
928 2681 962 2756 4,
986 2680 1004 2744 8
1026 2685 1084 2744 ubi
1106 2687 1204 2744 etiam
1226 2683 1370 2761 Cynicus
1391 2703 1497 2760 repre-

408 2787 592 2868 henditur).
614 2789 691 2849 Alia
712 2791 880 2850 accedunt.

448 2893 639 2955 Athenaeus
660 2894 710 2954 Xl
729 2915 759 2971 p.
776 2893 836 2957 784
851 2894 885 2955 O.
897 2894 925 2972 4)
949 2896 1006 2954 υ1)1
1023 2897 1144 2954 iterum
1160 2901 1291 2973 propter
1305 2893 1495 2983 βομβυλιοῦ

408 3002 610 3060 mentionem
639 3002 861 3076 fragmeutum
890 3001 1026 3061 fortasse
1058 3001 1332 3062 Exhortationum
1355 3002 1494 3060 relatum

407 3108 614 3180 invenimus,
637 3111 736 3167 etiam
758 3107 822 3166 huc
844 3106 991 3183 quadrat.
1014 3106 1077 3177 Qui
1101 3108 1192 3168 locus
1213 3110 1338 3167 statiim
1355 3109 1390 3165 in
1402 3125 1494 3165 men-

439 3493 461 3555 1)
496 3510 520 3557 p.
538 3495 577 3553 20,
594 3496 634 3542 21.
668 3494 702 3544 cf.
720 3493 790 3554 Joel,
809 3509 837 3557 p.
852 3495 908 3542 506.

438 3581 461 3648 ²)
495 3581 638 3648 βομβυλιὸς
665 3582 760 3630 Pollux
778 3581 828 3641 Vl,
846 3584 890 3642 16,
908 3583 950 3630 98:
974 3583 1065 3631 στενὸν
1086 3581 1190 3645 ἔκπωμα
1214 3581 1255 3629 καὶ
1277 3579 1398 3645 βορβοῦν
1417 3583 1444 3633 ἐν
1460 3604 1490 3650 τῃ

406 3676 488 3738 πόσει,
513 3675 547 3732 ὡς
573 3673 639 3723 Ἀνε.
666 3674 693 3722 ἐν
720 3679 863 3739 Προτρεπτ.
898 3673 937 3722 ld.
963 3673 1002 3734 X,
1021 3674 1065 3732 19,
1084 3674 1123 3721 68.
1147 3673 1231 3722 Schol.
1249 3672 1335 3735 Apoll.
1354 3671 1437 3722 Rhod.
1455 3673 1491 3734 ΙΙ,

405 3782 429 3814 v.
448 3768 503 3814 571.
520 3765 644 3824 Erotion,
658 3779 683 3828 p.
707 3764 753 3811 104
772 3764 865 3812 Franz.
882 3790 914 3798 -
932 3762 1069 3828 δελφάκιον
1083 3764 1117 3812 cf.
1135 3764 1234 3813 Athen.
1252 3762 1335 3823 XIX,
1353 3777 1378 3825 p.
1397 3765 1447 3812 656
1465 3763 1494 3812 F.

406 3855 504 3904 Ἀνε...
526 3857 567 3904 rai
585 3855 613 3903 ἐν
630 3860 724 3919 Προερ.
744 3855 822 3916 „dari
837 3853 976 3920 δελφακίων
988 3852 1150 3919 τρέφεσθαι”.
1168 3854 1266 3918 οὔρειον
1277 3852 1363 3916 βῖκον.
1377 3853 1493 3914 Photius,

404 3959 429 4007 p.
439 3946 494 4005 361,
512 3947 555 3992 21:
573 3944 719 4008 οὐροδόκηνι
732 3945 780 4004 τὴν
797 3943 873 4009 ἀμίδα
886 3944 1018 4008 Ξενοφῶν,
1032 3943 1086 4008 adp.
1098 3943 1127 4007 β.
1140 3942 1315 4004 Ἀντισθένης.
1323 3942 1365 3990 Ex
1375 3943 1492 3991 omnium

404 4049 529 4084 consensu
547 4040 667 4083 auctores
683 4048 771 4083 vocem
789 4033 936 4098 βομβυλιὸν
952 4033 986 4082 ad
1005 4033 1170 4097 Protreptica
1186 4035 1314 4084 referunt.

436 4121 461 4184 ³)
496 4123 577 4173 lilaea.
591 4124 619 4173 ll.
631 4123 670 4183 Il,
680 4138 705 4185 p.
715 4124 775 4183 336,
785 4126 824 4171 nt.
834 4124 856 4170 6.
880 4122 996 4182 Mueller,
1006 4136 1031 4184 p.
1042 4123 1080 4182 18,
1090 4126 1129 4170 nt.
1139 4123 1162 4171 l.
1182 4123 1323 4187 Ohappuis,
1335 4140 1360 4188 p.
1369 4128 1409 4186 24,
1418 4131 1459 4177 nt.
1468 4129 1491 4176 2.

436 4215 459 4275 ⁴)
493 4189 646 4279 βομβυλιὸς,
664 4214 808 4278 θηρίκλειον
826 4212 965 4263 Ῥοδιακόν.
985 4211 1014 4262 οὗ
1033 4214 1089 4278 περὶ
1107 4218 1153 4275 τῆς
1171 4214 1238 4274 ἰδέας
1252 4219 1387 4282 Σωκράτης
1404 4220 1492 4285 passv:

406 4305 448 4367 „oi
465 4306 512 4370 μὲν
530 4306 555 4354 ἐκ
573 4307 664 4371 φιάλης
682 4305 802 4362 πίνοντες
821 4303 884 4353 ὅσον
900 4303 1002 4353 θέλουσι
1021 4303 1117 4369 τάχιστ’
1136 4305 1380 4373 ἀπαλλαγησονται,
1393 4309 1415 4359 οἱ
1429 4310 1492 4360 delur

401 4394 547 4461 βομβυλιοῦ
565 4395 631 4445 κατά
647 4395 737 4461 μικρόν
754 4394 901 4452 στόζοντις.
