3458 5182
834 1039 976 1102 CAPUT
1000 1042 1026 1100 I.

472 1251 529 1332 DE
562 1248 777 1349 RATIONE,
806 1249 922 1353 Quae
952 1249 1224 1331 iuratorum
1250 1253 1390 1331 INTER

588 1389 910 1472 larissenum
940 1391 996 1470 ΕΤ
1027 1392 1272 1476 SOPHISTAS.

832 1638 1029 1647 -----.-.

368 1836 378 1871 ³
430 1832 661 1921 Antisthenes
674 1859 819 1934 Cynicus
832 1862 918 1919 inter
930 1859 1071 1920 Socratis
1083 1859 1265 1920 familiares
1278 1861 1367 1920 haud
1378 1866 1477 1921 extri·

388 1988 442 2027 nro
464 1970 535 2029 loco
556 1968 782 2026 numerandus
797 1969 903 2040 egregi
919 1985 972 2026 am
987 1967 1120 2026 laudem
1136 1969 1328 2042 praesertim
1343 1971 1477 2044 scripto-

387 2093 462 2133 rum
492 2090 627 2132 suorum
653 2073 746 2146 copia
771 2077 803 2130 et
828 2072 1024 2131 excellentia
1049 2073 1204 2131 obtinuit.
1250 2071 1384 2132 Etenim
1410 2093 1477 2133 non

388 2178 616 2255 philosophiae
640 2178 755 2236 morali
774 2179 882 2236 solum
896 2196 1029 2254 operam
1044 2178 1156 2251 dabat,
1172 2183 1209 2237 ut
1223 2177 1345 2255 reliqui
1367 2179 1477 2239 Socra·

387 2287 460 2357 tici,
493 2283 550 2344 sed
578 2285 677 2343 etiam
705 2285 896 2360 scriptorem
929 2285 1210 2344 studiosissimum
1233 2289 1265 2343 et
1286 2289 1421 2344 acutum
1443 2304 1476 2344 se

388 2390 564 2463 praestitit,
583 2390 640 2465 qui
656 2389 790 2448 dicendi
809 2395 877 2449 arte
895 2391 1055 2464 singulari
1073 2384 1248 2465 praeditus
1255 2391 1329 2449 aliis
1347 2410 1477 2469 quoque

388 2495 575 2570 disciplinis
598 2494 853 2569 diligentissime
868 2496 1008 2555 studuit:
1022 2495 1218 2569 rhetoricae,
1230 2499 1476 2570 grammaticae,

388 2600 588 2673 dialecticae,
619 2599 793 2675 physicae;
821 2601 910 2678 quod
942 2604 1102 2659 testantur
1127 2618 1204 2660 curn
1226 2603 1326 2660 ceteri
1354 2606 1477 2662 veteres

388 2708 561 2783 scriptores
594 2707 691 2764 multi
723 2711 796 2764 tum
828 2707 993 2782 Diogenes
1022 2706 1170 2766 Laertius
1194 2706 1219 2784 ¹)
1247 2709 1304 2784 qui
1330 2709 1477 2767 indicem

387 2816 549 2874 librorum
570 2817 722 2874 servavit.
766 2813 816 2873 Ex
839 2816 961 2892 quibus
983 2815 1078 2873 libris
1094 2815 1207 2874 nullus
1223 2817 1350 2890 integer
1365 2815 1406 2873 ad
1418 2832 1477 2874 nos

387 2922 551 2995 pervenit3
573 2919 664 2979 tituli
686 2921 747 2978 soli
764 2925 796 2978 εὴ
810 2920 994 2994 fragmenta
1005 2920 1032 2998 ²)
1047 2924 1177 2978 tantum
1192 2924 1378 2994 supersunt.
1401 2919 1477 2979 Pos-

386 3028 501 3085 tremis
515 3030 625 3085 autem
637 3028 733 3084 annis
748 3026 847 3084 multi
863 3028 927 3084 viri
943 3026 1031 3084 doct-i
1043 3024 1071 3101 ³)
1084 3025 1125 3084 ad
1137 3043 1234 3100 opera
1244 3026 1477 3084 Antisthenica

386 3134 537 3190 animum
552 3132 779 3206 attenderunt,
794 3149 936 3210 quorum
948 3132 1130 3190 industriae
1144 3135 1176 3190 et
1191 3133 1318 3206 ingenii
1329 3133 1476 3190 acumini

387 3237 555 3310 debemus,
583 3237 672 3313 quod
695 3237 753 3296 lux
779 3237 885 3296 multo
908 3236 1025 3295 clarior
1047 3238 1083 3295 in
1106 3237 1165 3295 hac
1187 3254 1222 3295 re
1245 3240 1294 3296 est
1313 3238 1477 3297 oborta—-

386 3344 453 3415 sed,
477 3344 565 3421 quod
587 3360 685 3402 nemo
708 3343 890 3414 dubitabit,
907 3342 964 3400 ubi
980 3359 1083 3416 pauca
1097 3342 1217 3401 adsunt
1232 3344 1421 3402 testimonia
1435 3344 1476 3402 de
1575 3365 1577 3372 ‘

387 3449 598 3509 Antisthenis
628 3453 695 3507 arte
724 3448 890 3508 scribendi
920 3452 952 3506 εὴ
974 3447 1014 3506 de
1036 3449 1176 3520 ratione,
1199 3466 1263 3525 qua
1284 3455 1477 3523 argumenta

388 3573 446 3615 sua
471 3560 608 3615 tractare
637 3556 774 3628 solebat,
797 3556 844 3614 ibi
868 3554 909 3613 ad
932 3555 1051 3613 multas
1074 3558 1106 3612 εὴ
1127 3554 1274 3614 diversas
1296 3558 1475 3615 sententias

419 3797 444 3861 1)
480 3800 555 3862 Diog.
573 3799 667 3862 Laert,
685 3799 736 3860 VI,
754 3799 859 3848 15-18.

419 3888 442 3951 2)
476 3889 645 3939 Antisthenis
672 3889 823 3951 fragmenta
852 3886 960 3949 collegit
991 3890 1017 3935 et
1046 3886 1129 3934 edidit
1155 3888 1186 3937 A.
1213 3887 1244 3936 G.
1270 3887 1475 3936 Winehelmann

386 3980 473 4027 Turici
492 3979 564 4028 1842.
598 3979 728 4027 Mullach:
747 3980 852 4040 Fragm.
872 3978 968 4027 l’hilos.
986 3977 1077 4026 Graec.
1095 3976 1131 4025 ll.

417 4068 442 4132 ³)
477 4069 527 4119 Ad.
545 4069 665 4118 Mueller:
692 4069 728 4117 De
746 4067 916 4116 Antisthenis
932 4068 991 4115 vita
1011 4070 1038 4115 et
1056 4065 1161 4131 seriptis
1178 4081 1263 4131 progr.
1281 4095 1313 4104 -
1327 4067 1475 4131 Ghappuis:

386 4159 553 4209 Antisthene.
565 4186 598 4194 —
621 4159 786 4207 Duommler:
803 4157 988 4206 Antisthenica
997 4161 1025 4205 et
1035 4157 1206 4208 Akadcmika.
1218 4184 1251 4193 -
1263 4157 1346 4206 Blass:
1355 4159 1475 4206 Attisclic

388 4248 583 4298 Beredsamlreit
609 4249 646 4299 II.
671 4277 704 4284 -
729 4248 760 4299 Ε.
787 4248 897 4296 Weber:
923 4248 963 4296 De
989 4247 1074 4295 Dione
1103 4246 1289 4309 chrysostomo
1317 4246 1475 4309 Cynicorum

386 4343 516 4388 sectatore
536 4338 563 4386 iu
581 4338 656 4387 Stud.
675 4338 746 4401 Lips.
766 4335 928 4387 lasa-11.
946 4350 997 4384 von
1014 4335 1122 4384 Arnim:
1141 4334 1230 4384 Leben
1249 4336 1303 4384 und
1321 4336 1416 4384 Workc
1431 4337 1475 4384 iles

393 4428 441 4476 Dio
459 4444 510 4476 von
529 4429 665 4478 Prusa-
683 4428 756 4476 Jocl:
776 4427 829 4475 Der
846 4426 922 4474 echte
940 4425 995 4473 und
1011 4424 1058 4473 der
1075 4425 1311 4488 Xenophontischo
1331 4425 1461 4474 Sokratus,

1333 4515 1352 4575 1
