3458 5182
758 1214 901 1275 OAPUT
924 1215 968 1274 ΙΙ.

323 1378 332 1412 '¹
353 1449 416 1529 BH
449 1447 803 1530 ANTISTHENIS
838 1445 1049 1528 aruntis
1082 1445 1379 1527 HOMHRIGIS.

362 1921 545 2022 Quaenam
571 1954 786 2013 Antisthenes
812 1953 967 2028 sophistis
997 1954 1147 2012 debuerit
1172 1955 1279 2028 priore
1301 1957 1405 2030 capite

320 2066 485 2131 vidimus;
513 2063 554 2121 ad
576 2060 685 2119 studia
710 2061 780 2118 eius
802 2060 973 2118 literarum
995 2062 1168 2136 praecipue
1189 2060 1404 2130 attendimus3

320 2188 479 2249 quosnam
499 2169 626 2227 fructus
647 2167 925 2243 exetymologicis
944 2165 1228 2242 grammaticisque
1248 2167 1406 2242 sophista-

319 2296 394 2337 rum
409 2276 562 2352 operibus
577 2275 772 2350 perceperit,
788 2275 865 2332 satis
880 2274 1049 2349 perspicue
1064 2274 1223 2348 apparuit.
1238 2273 1406 2333 Praeterea

319 2383 374 2441 hic
400 2383 470 2441 illic
495 2382 755 2453 observavimus,
788 2384 907 2456 quanta
933 2382 976 2439 sit
997 2381 1227 2439 convenientia
1249 2381 1336 2439 inter
1357 2399 1405 2440 eo-

320 2489 444 2564 phistas
471 2492 502 2545 et
527 2486 760 2547 Antisthenem
789 2487 825 2542 in
854 2484 999 2553 Homero
1027 2487 1243 2560 aestimando,
1272 2504 1312 2545 ex
1341 2505 1405 2564 quo

319 2594 411 2653 fonte
439 2610 672 2669 saepenumero
703 2596 895 2666 argumenta
928 2593 1204 2651 declamationum
1236 2597 1268 2652 et
1289 2595 1405 2652 oratio-

319 2719 401 2759 num
413 2701 601 2759 hauserunt.
615 2699 665 2757 Ita
680 2716 809 2774 quoque
822 2698 1037 2759 Antisthenes
1048 2699 1154 2758 multa
1166 2700 1207 2758 de
1219 2699 1405 2759 Homericis

319 2804 461 2880 scripsit,
486 2823 580 2880 saepe
603 2821 771 2862 summum
793 2809 922 2879 poetam
944 2805 985 2863 ad
1007 2805 1190 2864 doctrinam
1205 2823 1297 2866 suam
1312 2805 1403 2864 adhi-

319 2913 388 2984 bet,
410 2912 530 2987 pariter
548 2909 589 2968 ad
611 2911 668 2985 τὴν
690 2906 832 2974 παιδείαν
855 2907 1038 2967 Homerum
1059 2909 1277 2970 utilissimum
1297 2910 1405 2971 habet.

319 3017 412 3076 Nova
426 3018 528 3091 igitur
542 3015 622 3074 haec
637 3016 867 3073 convenientia
882 3015 969 3072 inter
983 3015 1143 3090 sophistas
1155 3020 1186 3074 et
1202 3016 1404 3091 discipulum
1454 3022 1462 3036 ¹

319 3140 379 3182 nos
399 3121 440 3181 ad
456 3121 657 3195 singularem
670 3119 709 3178 de
720 3118 929 3178 Antisthenis
944 3120 1063 3179 studiis
1078 3119 1263 3180 Homericis
1279 3121 1404 3199 disqui-

317 3231 472 3290 sitionem
495 3228 639 3302 impulit.

354 3334 509 3393 ‘Primum
539 3338 650 3391 autem
675 3333 787 3406 paucis
808 3331 849 3390 de
871 3349 1002 3406 poeseos
1024 3335 1250 3392 aestimatione
1272 3334 1308 3393 in
1330 3337 1403 3393 uni-

317 3457 450 3499 versum
499 3439 664 3513 disputare
712 3437 829 3496 liceat!
874 3438 984 3498 Poesis
1026 3441 1116 3497 enim
1159 3456 1241 3516 quae
1283 3442 1403 3501 nostris

317 3544 521 3620 temporibus
548 3544 719 3601 doctorum
745 3546 874 3602 tantum
900 3545 951 3602 vel
984 3549 1069 3603 certe
1098 3546 1274 3605 cultiorum
1297 3546 1403 3605 homi-

317 3669 399 3710 num
434 3649 573 3708 lectione
605 3652 660 3707 aut
691 3649 808 3708 auditu
843 3649 1040 3723 celebratur,
1072 3667 1203 3725 prorsus
1232 3651 1297 3711 alia
1327 3669 1402 3711 con-

317 3759 447 3817 dicione
477 3755 564 3831 apud
591 3753 729 3814 Graecos
755 3756 908 3831 antiquos
940 3759 1016 3813 erat.
1060 3755 1246 3816 Auctoritas
1278 3758 1402 3817 scilicet

317 3862 454 3921 Homeri
477 3862 557 3920 adeo
576 3861 696 3933 valuit,
712 3865 748 3918 ut
768 3877 834 3918 non
856 3860 968 3919 minus
984 3860 1126 3920 incultos
1142 3879 1240 3938 quam
1256 3863 1401 3924 eruditos

315 3972 453 4027 teneret:
487 3971 554 4026 orat
585 3968 620 4024 in
653 3967 804 4024 omnium
827 3982 881 4023 ore
904 3970 935 4024 et
960 3965 1057 4025 fama.
1101 3965 1294 4026 Carminum
1324 3985 1402 4028 usus

316 4076 352 4133 in
380 4076 467 4133 vitae
495 4074 731 4133 consuetudine
753 4073 930 4147 multiplex
952 4078 1033 4145 erat,
1063 4071 1220 4150 fidelique
1243 4078 1401 4135 memoria

316 4185 485 4255 poetarum
506 4196 620 4239 versus
641 4179 741 4252 vulgo
762 4178 926 4236 tenebant.
958 4177 1159 4237 Praestantia
1180 4196 1312 4254 poeseos
1334 4198 1401 4240 non

316 4287 543 4345 oblectationis
571 4284 624 4344 vel
655 4284 842 4343 dulcedinis
867 4300 962 4342 causa
983 4284 1090 4342 selum
1115 4284 1322 4358 laudabatur,
1344 4286 1401 4345 sed

316 4393 493 4452 utilitatem
527 4389 624 4450 etiam
656 4393 762 4450 inesse
785 4390 980 4463 sentiebant,
1001 4395 1095 4466 poeta
1117 4393 1224 4454 omnis
1245 4394 1400 4454 scientiae
