3458 5182
835 384 873 445 12

318 565 406 623 derat
439 570 470 622 et
491 563 644 623 docuerat
666 584 715 623 res
737 583 804 624 esse
826 566 921 638 tales,
944 565 1056 641 quales
1078 565 1197 640 cuique
1220 579 1288 621 esse
1311 562 1400 618 vide-

319 676 444 741 rentur,
476 688 594 745 easque
626 689 694 729 esse
724 676 756 728 et
777 689 844 729 nen
866 689 948 742 esse,
972 689 1012 729 ex
1034 670 1251 745 praeceptoris
1273 667 1401 742 placitis

318 775 389 831 iure
410 793 469 833 sue
491 775 632 832 efficeret
653 777 830 834 contradici
852 794 919 834 nen
941 793 1042 850 pesse.

359 880 462 950 Quam
489 882 648 938 rationem
673 881 887 940 Antisthenes
910 898 1054 958 queque,
1077 879 1298 939 Eleaticerum
1314 880 1401 953 prin·

318 987 403 1060 cipia
442 985 482 1044 de
519 988 644 1045 unitate
678 1003 788 1044 rerum
823 985 1025 1063 Gorgiaeqne
1061 986 1222 1062 paradoxa
1258 988 1402 1055 secutus,

317 1096 456 1149 sectatus
488 1108 556 1150 esse
588 1096 620 1149 et
651 1093 876 1167 comprobasse
899 1092 1041 1160 videtur;
1064 1091 1154 1150 idem
1176 1108 1306 1167 queque
1329 1107 1402 1148 cen-

318 1194 466 1252 firmatur
487 1195 605 1269 placite
627 1196 836 1256 Antisthenis
853 1198 893 1256 de
909 1198 1080 1256 identitate
1096 1214 1179 1273 quae
1195 1195 1330 1254 dicitur:
1345 1196 1402 1259 τὸν

318 1303 432 1364 οἰκεῖον
453 1298 558 1385 λόγον
573 1302 599 1377 ¹)
622 1302 728 1360 selum
750 1303 790 1361 de
812 1321 1006 1380 unaquaque
1028 1321 1061 1361 re
1077 1303 1199 1374 valere,
1215 1304 1333 1378 cuique
1355 1302 1401 1358 rei

317 1423 410 1464 suam
430 1410 559 1465 tantum
581 1412 704 1466 exstare
727 1411 956 1483 proprietatem
978 1410 1074 1486 eique
1096 1408 1189 1483 plura
1210 1408 1313 1465 tribui
1335 1424 1402 1465 nen

318 1514 427 1571 licere:
450 1530 515 1589 que
537 1514 637 1586 igitur
659 1518 691 1571 et
709 1516 744 1578 rt
761 1514 935 1600 ἀντιλέγειν
951 1521 983 1573 et
997 1516 1034 1579 τὸ
1050 1511 1219 1598 ψεύδεσθαι
1234 1513 1402 1590 tolliturfi)

319 1618 380 1676 Sed
412 1621 477 1676 iam
508 1621 585 1677 satis
615 1619 686 1676 dixi
709 1620 749 1678 de
771 1623 941 1696 utriusque
964 1620 1024 1679 hac
1048 1624 1082 1679 in
1104 1638 1137 1679 re
1160 1622 1402 1679 convenientia:

317 1727 344 1783 si
367 1727 592 1783 testimenium
615 1743 744 1802 queque
765 1730 1053 1804 vetusrequiritis,
1075 1728 1202 1800 audite,
1221 1728 1301 1804 quid
1317 1728 1404 1787 dicat

318 1829 410 1888 Plato
432 1831 468 1886 iu
490 1828 699 1904 Euthydeme
720 1849 750 1905 p.
769 1829 828 1892 286
851 1831 885 1892 Ο.
908 1838 954 1898 καὶ
972 1836 1035 1920 γὰρ
1051 1837 1081 1898 ei
1093 1834 1169 1918 ἀμφὶ
1183 1835 1404 1921 Πρωταγόραν

318 1932 441 2022 σφόδρα
457 1938 599 2022 ἐχρῶντο
622 1937 707 2021 αὐτῷ
729 1938 785 2014 (SC-
807 1944 850 2024 τῷ
872 1939 976 2024 λόγῳ)
1000 1947 1047 2004 καὶ
1070 1943 1100 2005 οἱ
1129 1940 1169 2006 ’ἔτι
1191 1939 1404 2024 παλαιότεροι.

318 2045 382 2123 ἐμοὶ
399 2038 429 2105 δὲ
452 2040 497 2105 ἀεὶ
518 2044 703 2123 θαυμαστός
724 2070 771 2117 τις
793 2040 875 2108 δοκεῖ
897 2046 975 2109 εἶναι
990 2050 1038 2109 καὶ
1053 2049 1129 2120 τούς
1146 2074 1176 2110 τε
1193 2044 1316 2119 ἄλλους
1331 2044 1404 2109 dva-

318 2151 440 2227 τρέπων
452 2152 500 2212 καὶ
517 2150 613 2224 αὐτὸς
629 2151 734 2214 αὐτόν·
753 2150 836 2233 οἶμαι
852 2148 882 2216 δὲ
899 2152 1067 2227 advesariis)
1083 2151 1232 2227 ἀλήθειαν
1244 2154 1330 2236 παρὰ
1345 2160 1404 2216 σοῦ

319 2251 485 2329 (ΟῐΘΒΪΡΡΟ
505 2255 563 2332 sc.)
576 2253 732 2320 κάλλιστα
753 2259 932 2343 reducetur-
956 2255 1040 2322 ἄλλο
1061 2285 1088 2321 τι
1110 2255 1208 2340 ψευδῆ
1226 2256 1329 2342 λέγειν
1348 2259 1404 2322 οὐκ

318 2357 395 2428 ’ἔστω
428 2366 520 2424 τοῦτο
554 2362 617 2448 γὰρ
650 2356 777 2426 δύναται
811 2366 827 2426 ὁ
860 2362 978 2448 λόγος·
1000 2367 1018 2437 ἦ
1040 2365 1119 2450 *stipi
1152 2361 1248 2439 ἀλλ’ἢ
1279 2363 1405 2447 λέγοντ’

318 2461 421 2539 ἀληθῆ
452 2463 556 2550 λέγειν
583 2465 604 2541 ἦ
625 2471 667 2550 μὴ
687 2466 809 2552 λέγειν;
830 2468 879 2526 Ac
901 2486 1016 2526 verum
1038 2487 1121 2540 esse,
1152 2470 1240 2546 qued
1262 2471 1404 2543 suspiee-

319 2588 405 2642 mur,
432 2577 607 2648 utrumqne
634 2574 760 2633 scilicet
787 2577 822 2632 in
845 2575 947 2646 libre,
976 2575 1090 2634 eedem
1123 2577 1221 2635 titulo
1246 2577 1404 2652 praedite,

318 2675 456 2734 eandem
471 2681 666 2738 sententiam
687 2681 923 2755 promulgasse,
945 2699 1021 2739 eum
1033 2699 1072 2739 ex
1087 2699 1215 2740 summa
1233 2684 1404 2757 utriusque

318 2778 377 2838 hac
409 2783 444 2839 in
466 2799 500 2840 re
522 2785 743 2843 similitudine
766 2790 838 2842 tum
860 2803 900 2843 ex
923 2787 986 2844 alia
1008 2804 1137 2862 queque
1160 2804 1255 2846 causa
1277 2787 1404 2865 intelle7

316 2891 419 2958 getnr.
453 2885 537 2946 Nam
568 2890 777 2949 Antisthenis
808 2892 892 2949 liber
917 2890 1066 2967 Ἀλήθεια
1094 2893 1257 2950 dialectici
1284 2897 1331 2951 est
1351 2909 1404 2965 ge·
1469 2950 1474 2963 ,

318 2993 414 3063 neris,
452 3003 488 3052 ut
524 2998 634 3054 emnia
666 2999 748 3055 sexti
784 2997 963 3056 voluminis
999 2999 1135 3072 scripta:
1169 2999 1247 3057 inde
1280 3017 1404 3057 nevum

318 3099 404 3157 inter
426 3103 595 3178 utriusque
610 3103 797 3178 philosophi
814 3106 971 3178 scriptum
989 3105 1160 3162 vinculum
1176 3105 1403 3177 adstringitnr3

318 3205 471 3263 nevimus
492 3211 524 3264 et
546 3206 752 3280 Protagoram
764 3208 791 3284 ³)
808 3212 839 3266 et
853 3208 1088 3267 Antistheuem
1104 3227 1255 3282 magnam
1272 3226 1404 3284 operam

318 3310 520 3384 dialecticae,
551 3311 647 3389 (quae
679 3316 787 3372 omnis
819 3314 1015 3375 eruditionis
1048 3320 1095 3373 est
1128 3315 1283 3389 primaria
1315 3313 1403 3390 pars)

318 3416 456 3476 dedisse.

350 3652 370 3714 ¹)
404 3651 445 3700 ef.
465 3651 623 3711 Ueberweg:
642 3649 785 3698 Gruudrisz
803 3651 850 3698 der
868 3649 959 3697 Gesch.
978 3650 1003 3698 d.
1023 3650 1123 3708 Philes,
1142 3665 1169 3712 p.
1188 3652 1242 3698 123.

349 3740 373 3804 ¹)
408 3741 448 3790 Of.
467 3742 548 3788 Arist.
567 3741 686 3802 Metaph.
704 3740 749 3788 IV.
768 3743 809 3788 29:
827 3739 840 3787 ὁ
859 3739 884 3788 δὲ
903 3739 997 3801 ψευδὴς
1015 3740 1093 3804 λόγος
1110 3740 1215 3796 οὐδενός
1232 3740 1300 3788 ἐστιν
1315 3737 1405 3796 ἁπλῶς

317 3834 403 3899 λόγος.
439 3831 476 3881 διὸ
512 3829 676 3890 Ἀντισθένης
701 3829 765 3895 ᾤετο
791 3830 889 3890 εὐήθως
913 3830 991 3894 μηδὲν
1024 3828 1102 3886 ἀξιῶν
1127 3829 1246 3895 λέγεσθαι
1271 3831 1343 3888 πλὴν
1369 3831 1407 3893 τῷ

318 3921 399 3986 οἰκείῳ
416 3921 487 3985 λόγῳ
504 3923 532 3969 ἓν
550 3918 652 3984 ἐφ’ένός.
670 3918 741 3976 ἐζῶν
753 3919 891 3980 συνέβαινε
907 3921 942 3984 μὴ
952 3921 1015 3969 εἶναι
1032 3917 1189 3985 ἀντιλέγειν,
1208 3919 1299 3982 σχεδὸν
1311 3917 1335 3967 δὲ
1344 3917 1404 3982 μηδὲ

318 4010 464 4076 ψεύδεσθαι.

350 4098 370 4163 ³)
406 4100 481 4148 Blass
505 4101 531 4149 ll.
558 4102 582 4161 I,
605 4116 630 4163 p.
653 4102 683 4147 24
710 4101 814 4149 loeutus
837 4101 870 4148 de
894 4099 1020 4148 facundia
1038 4100 1209 4162 Protagerea,
1226 4099 1291 4147 haec
1309 4098 1406 4146 habet:

320 4192 380 4240 Dies
406 4192 440 4239 ist
464 4191 508 4239 die
535 4191 748 4253 Protagereische
775 4190 911 4239 Dialektik
936 4190 988 4237 und
1018 4190 1131 4248 Eristik,
1149 4189 1191 4238 die
1217 4204 1245 4236 er
1270 4189 1296 4236 iu
1316 4188 1405 4237 seinen

320 4280 454 4330 Schriften
480 4280 640 4342 nicderlegte
666 4280 720 4327 und
746 4280 788 4328 die
813 4280 848 4327 im
875 4280 1044 4339 Unterricht,
1070 4279 1128 4326 weil
1146 4278 1203 4326 hier
1220 4278 1273 4326 viel
1292 4278 1405 4339 Uebung

319 4372 415 4435 nlithig
433 4386 497 4432 war,
515 4371 593 4420 einen
611 4370 771 4434 Hauptthcil
787 4370 877 4419 bilden
894 4374 999 4419 musstc.
