3458 5182
837 355 876 416 92

315 530 418 602 Ulixi,
441 537 546 606 partes
561 550 641 608 quas
656 532 775 609 ubique
791 534 905 606 agebat
921 533 994 606 iste,
1009 539 1129 608 tuetur,
1145 520 1398 594 fraudulentiam

315 638 402 712 apud
425 655 537 695 omnes
559 639 718 696 famosam
735 637 891 712 singulari
906 638 1029 697 ratione
1045 644 1177 698 excusat
1193 644 1224 698 et
1240 639 1397 698 defendit.

357 741 496 803 Facilius
518 741 681 817 explicatu
703 742 917 818 patrocinium
939 743 1022 803 illud
1045 742 1095 816 fit,
1121 743 1147 804 si
1170 744 1279 803 denuo
1303 743 1400 820 (iyni-

315 867 387 907 cam
419 846 599 908 disserendi
631 855 662 907 et
684 848 896 908 ratiocinandi
917 850 1074 909 rationem
1097 848 1186 909 Ulixi
1208 851 1248 910 ab
1269 855 1399 910 auctore

315 954 497 1028 subjectam
528 953 728 1029 respicimus.
772 952 850 1024 Quis
882 954 971 1014 enim
1000 955 1085 1015 inter
1119 953 1280 1035 principes
1312 957 1398 1032 apud

315 1059 498 1117 Homerum
530 1059 635 1134 aptius
667 1059 822 1133 ostendit,
856 1061 933 1137 qnid
965 1079 1023 1137 per
1048 1067 1166 1148 σοφίαν
1189 1067 1221 1121 et
1242 1064 1398 1150 φρόνησιν

316 1162 399 1223 effici
421 1163 533 1240 possit,
557 1164 629 1241 quis
650 1164 741 1224 iuxta
765 1165 942 1225 Herculem
958 1167 1075 1227 melius
1091 1168 1303 1241 demonstrat,
1319 1167 1398 1245 quid

315 1273 445 1330 animus
467 1271 617 1330 laborum
638 1269 763 1346 patiens
784 1270 819 1329 in
841 1271 906 1330 vita
921 1273 1025 1331 valeat
1041 1292 1139 1350 quam
1155 1272 1292 1333 Ulixes?
1320 1272 1398 1343 Quis

316 1375 433 1436 clarius
465 1375 636 1435 confirmat
667 1379 724 1442 νὸν
757 1379 860 1464 σόφον
893 1395 961 1437 esse
995 1385 1043 1444 καὶ
1078 1381 1204 1465 ἀγαθόν
1219 1380 1259 1456 ¹),
1287 1386 1399 1438 contra

314 1483 390 1556 τοὺς
412 1481 556 1570 ἄφρονας
574 1486 766 1564 proiciebat?
799 1482 877 1554 Quis
909 1483 1036 1544 felicius
1068 1484 1205 1560 peregit,
1235 1483 1396 1562 quidquid

315 1586 468 1661 suscepit,
504 1588 536 1646 id
579 1594 758 1663 assecutus,
802 1591 889 1666 quod
932 1590 1107 1649 consilium
1149 1591 1398 1650 commendabat

315 1691 486 1765 prudentia
511 1695 577 1752 sola
599 1712 635 1752 ac
657 1693 771 1768 peritia
797 1696 937 1756 ductus?
981 1695 1098 1755 Nonne
1121 1695 1277 1773 denique,
1300 1701 1336 1754 ut
1358 1697 1398 1754 de

314 1796 447 1874 reliquis
477 1804 616 1871 taceam,
649 1799 801 1860 novimus
834 1799 941 1876 ipsum
974 1800 1207 1862 Antisthenem
1237 1801 1280 1860 ita
1301 1801 1399 1860 inter-

314 1908 476 1978 pretatum
506 1923 573 1965 esse
605 1909 641 1971 τὸ
667 1905 774 1966 Ulixis
795 1905 1014 1994 πολύτροπον,
1036 1913 1072 1966 ut
1094 1907 1180 1966 varie
1203 1926 1278 1966 eum
1301 1908 1398 1966 verba

314 2008 500 2068 auditorum
521 2011 660 2085 ingeniis
681 2013 925 2071 accommodare
947 2030 1039 2088 posse
1061 2013 1229 2070 censeret?

354 2114 467 2173 Talem
499 2116 680 2193 principem
711 2117 900 2177 Antistheni
933 2117 1136 2178 carissimum
1167 2115 1268 2176 fuisse
1300 2134 1397 2174 nemo

315 2219 487 2292 dubitabit,
509 2221 649 2281 libenter
671 2222 832 2298 Cynicum
855 2243 931 2283 eum
953 2223 1056 2282 veluti
1077 2223 1267 2297 exemplum
1289 2226 1398 2297 protu-

314 2324 388 2384 lisse
420 2323 495 2385 satis
527 2325 722 2387 confirmant
754 2336 908 2407 quattuor
929 2329 1061 2405 scripta,
1087 2328 1206 2406 quibus
1227 2326 1397 2402 ingenium

314 2430 397 2502 eius,
421 2449 526 2491 mores
547 2433 697 2510 iactaque
719 2435 921 2511 descripsisse
943 2435 1082 2495 videtur.

355 2537 487 2596 indoles
512 2537 611 2612 igitur
631 2543 698 2597 tam
730 2537 838 2597 Aiacis
866 2557 964 2614 quam
985 2537 1100 2611 Ulixis,
1122 2536 1293 2614 principia,
1316 2555 1397 2614 quae

313 2648 450 2720 uterque
478 2643 633 2720 sequitur,
666 2662 794 2713 causae,
817 2661 897 2721 quas
920 2649 1056 2721 uterque
1078 2645 1174 2704 offert
1195 2646 1236 2704 ad
1257 2643 1398 2704 Achillis

313 2767 402 2807 arma
433 2748 609 2808 obtinenda
641 2767 748 2808 coram
781 2749 902 2821 iudice,
935 2749 1037 2809 cuivis
1059 2750 1182 2826 opinor,
1204 2751 1397 2825 persuadere

312 2858 447 2928 possunt
479 2852 560 2912 nihil
595 2855 735 2929 obstare,
768 2855 943 2933 quominus
964 2855 1123 2916 orationes
1144 2857 1184 2915 ab
1207 2873 1244 2914 eo
1267 2859 1397 2914 auctore

312 2960 508 3036 conscriptas
530 2979 598 3022 esse
620 2967 789 3038 putemus,
812 2961 865 3020 cui
887 2960 1049 3035 Diogenes
1071 2980 1123 3022 eas
1144 2961 1300 3021 attribuit.

355 3067 418 3126 Sed
449 3069 489 3126 de
519 3068 615 3128 factis
642 3069 854 3144 moribusque
877 3070 954 3127 satis
976 3068 1103 3126 dictum
1124 3068 1180 3139 sit,
1203 3084 1291 3125 nunc
1313 3085 1395 3143 quae

312 3175 534 3233 oratiunculae
556 3178 644 3250 ipsae
666 3175 707 3233 sle
729 3180 837 3234 nostra
858 3175 1063 3251 quaestione,
1083 3175 1192 3232 sintne
1203 3172 1395 3232 Antistheni

311 3282 473 3340 orationes
484 3281 717 3353 vindicandae,
730 3280 867 3338 doceant
878 3280 1062 3347 videamus;
1075 3277 1237 3355 proferam
1250 3281 1396 3354 primum

312 3389 347 3444 in
369 3404 439 3445 eam
461 3405 531 3444 rem
553 3387 730 3444 sententias
751 3402 787 3443 ac
800 3384 938 3472 indicia,
961 3401 1042 3460 quae
1060 3384 1157 3442 facile
1179 3384 1220 3442 ad
1233 3383 1397 3459 Cynicum

311 3492 439 3550 fontem
460 3492 575 3550 referri
600 3495 745 3566 possunt.

352 3595 403 3654 Ex
434 3599 476 3655 iis
510 3602 567 3674 qui
601 3598 640 3656 de
676 3595 972 3656 declamationibus
1008 3597 1082 3655 (lata
1117 3613 1213 3671 opera
1244 3600 1395 3670 egerunt,

312 3702 409 3761 multi
442 3706 512 3762 iure
544 3721 596 3762 eas
627 3704 819 3762 Antistheni
850 3702 975 3777 Oynico
997 3704 1166 3775 adsignare
1187 3702 1395 3772 videbantur,

311 3808 399 3883 quod
425 3808 529 3868 multa
549 3814 581 3867 et
603 3809 776 3868 manifesta
797 3811 935 3882 vestigia
957 3809 1123 3867 doctrinae
1145 3806 1394 3866 Antisthenicae

311 3917 416 3975 inesse
438 3916 605 3990 putabant.
629 3915 773 3976 Blassius
795 3933 923 3991 qnoque
947 3917 998 3973 vir
1024 3915 1224 3973 clarissimus
1244 3917 1276 3970 et
1297 3913 1333 3969 in
1344 3911 1397 3969 his

311 4020 429 4079 litteris
451 4020 688 4080 versatissimus
708 4026 772 4080 tam
786 4019 924 4079 firmiter
935 4018 995 4078 sibi
1007 4016 1165 4095 persuasit
1177 4036 1253 4076 cum
1265 4015 1397 4091 Cynicis

311 4125 452 4186 maxime
474 4126 648 4186 convenire
671 4129 703 4184 et
722 4125 852 4201 placita,
876 4124 1014 4202 quaein
1036 4123 1075 4183 iis
1099 4120 1310 4182 oratiunculis
1332 4120 1397 4180 edi-

344 4366 363 4431 4)
396 4366 429 4416 cf.
446 4366 505 4415 roei
521 4367 548 4416 u.
565 4380 590 4429 p.
608 4367 664 4427 404,
681 4366 738 4425 loa,
755 4366 811 4425 ror,
830 4367 886 4414 sm.
