3458 5182
832 354 890 419 109

318 545 400 602 esset
429 544 559 616 propter
585 539 788 615 litigantium
814 542 1055 616 oppositionem
1076 537 1305 616 philosophiae
1328 556 1403 601 suae

317 649 540 724 aptissimum,
551 647 749 719 tragicorum
760 646 888 704 fabulas
900 646 1018 704 adiisse
1030 647 1206 721 putemus?
1222 645 1257 723 ¹)'.
1281 645 1404 705 Memo-

317 758 388 813 ratu
421 753 517 812 etiam
549 751 687 826 dignum
719 756 781 825 est,
804 752 891 828 quod
913 751 1051 830 quisque
1074 739 1252 829 qui'semel
1274 756 1403 811 tantum

317 859 487 936 perlegerit
508 857 643 932 Gorgiae
666 857 876 917 Palamedem
890 857 928 936 ⁹),
954 856 1044 930 tangi
1069 857 1180 931 debet,
1196 875 1293 935 quam
1309 876 1403 935 saepe

317 965 431 1027 similis
455 966 620 1043 utriusque
642 963 779 1023 rhetoris
802 962 932 1022 dicendi
953 963 1033 1023 ratio
1056 963 1096 1024 sit
1114 970 1145 1023 et
1161 964 1300 1041 quoties,
1316 965 1404 1041 quod

317 1073 382 1130 huc
422 1068 628 1147 potissimum
668 1071 803 1146 quadrat
840 1068 955 1130 similis
992 1069 1159 1128 interdum
1191 1087 1404 1128 numerorum

318 1176 495 1236 moderatio
517 1176 689 1240 invenitur.

713 1369 1006 1376 *—

359 1495 540 1556 Protulerat
562 1496 662 1556 Blass.
684 1514 705 1553 v
728 1496 767 1554 cl.
789 1495 885 1554 hosce
907 1512 1032 1554 versus:

359 1600 418 1662 Od.
440 1601 471 1662 9:
494 1603 616 1690 οὐγὰρ
640 1598 741 1668 δοκεῖν
765 1606 782 1667 ὁ
804 1600 947 1684 πόλεμος
967 1599 1054 1665 ἀλλὰ
1077 1597 1155 1685 δρᾶν
1175 1599 1231 1664 c'si·

358 1708 465 1768 Verba
486 1713 632 1768 contorte
653 1708 754 1779 dicta,
777 1707 820 1767 cf.
842 1708 1123 1765 commentarium.

359 1815 414 1878 κᾶν
435 1815 532 1899 ἡμέρᾳ
553 1813 608 1878 κᾶν
630 1817 715 1878 νυκτὶ
737 1847 777 1857 --
800 1843 821 1866 υ
847 1846 884 1855 -
907 1811 999 1898 φιλεῖ·

360 1950 388 1986 τι
410 1925 482 1996 post
505 1920 588 2007 φιλεῖ
607 1923 750 1995 graviter
772 1922 916 1996 positum
938 1922 996 1978 vix
1017 1918 1196 1978 desiderari
1218 1921 1333 1993 potest.

359 2061 398 2070 -
421 2029 486 2092 ἐστί
507 2054 559 2111 μοι
580 2028 749 2112 τεταγμένα
872 2027 995 2110 ἕτοιμός
1017 2023 1136 2108 εἶμ’ἀεί·
1149 2066 1156 2080 ·
1169 2066 1196 2080 ··

320 2135 356 2192 in
388 2131 571 2191 intervallis
601 2131 724 2189 talibus
757 2129 953 2202 numerosis,
987 2131 1159 2205 longarum
1196 2133 1227 2188 et
1253 2129 1405 2188 brevium

319 2239 519 2313 syllabarum
540 2241 695 2298 varietate
717 2240 796 2297 ortis
816 2238 966 2310 fortasse,
989 2238 1037 2295 nil
1048 2239 1225 2314 quiequam
1237 2237 1405 2312 proprium

319 2348 376 2404 est.
420 2343 588 2415 Invenias,
611 2345 646 2401 ni
669 2343 781 2415 fallor,
804 2343 891 2419 apud
913 2358 1143 2418 quemcunque
1165 2345 1339 2399 auctorem.

359 2450 413 2509 Ai.
435 2448 467 2509 5:
488 2453 590 2525 κακῶς
610 2447 733 2514 ‹inodori›
758 2445 830 2514 οὐδὲ
851 2449 914 2535 γὰρ
938 2446 1039 2534 (γ’ἂν)
1060 2447 1198 2532 πάσχων
1219 2450 1330 2521 κακῶς·

360 2554 491 2613 Dicitur
521 2555 561 2613 ab
590 2553 709 2613 Aiace:
742 2557 844 2628 κακῶς
865 2552 988 2618 duorlar
1010 2558 1041 2611 et
1062 2585 1102 2594 -
1124 2555 1225 2627 κακῶς
1246 2553 1405 2638 πάσχων;

320 2660 468 2720 consulto
480 2663 591 2734 κακῶς,
604 2662 640 2717 ut
652 2676 815 2719 summam
827 2658 944 2716 habeat
955 2658 1034 2730 vim,
1047 2659 1257 2733 praeponitur
1269 2662 1406 2733 utroque

319 2766 390 2824 loco
413 2764 470 2842 (cf.
492 2765 612 2843 supra).

243 2856 245 2860 Ι
361 2870 419 2930 Od·
442 2871 473 2929 92
494 2869 625 2936 ἀλλἐἵτε
648 2868 768 2946 δοῦλος
790 2869 846 2935 sire
868 2867 1029 2956 (πτωχὸς)
1052 2873 1100 2934 καὶ
1120 2871 1301 2953 μαστιγίας·

360 2975 505 3035 Adnotat
531 2995 561 3036 v.
584 2978 623 3036 cl.
651 2978 692 3035 ad
717 2977 807 3035 hunc
829 2992 973 3036 versum:
995 2976 1022 3033 si
1045 2973 1192 3032 deleatur
1212 2975 1353 3061 πτωχὸς,
1376 2979 1407 3033 et

320 3100 434 3141 versus
447 3085 585 3141 existere
597 3088 629 3140 et
640 3082 858 3141 offensionem
870 3081 969 3151 tollir‚
983 3099 1081 3157 quam
1093 3082 1267 3164 praebeant
1276 3085 1408 3169 πτωχὸς

321 3194 353 3247 et
374 3192 542 3274 μαστιγίας
565 3191 677 3247 iuncta
698 3193 730 3246 et
742 3205 772 3246 u.
786 3184 906 3262 δοῦλος
920 3188 1075 3262 opposita.
1103 3184 1169 3245 Our
1183 3188 1236 3245 vir
1249 3188 1289 3246 ol.
1305 3187 1407 3246 offen-

321 3295 417 3354 datur
428 3297 587 3355 vooabulo
599 3297 731 3382 πτωχὸς
742 3312 808 3353 non
821 3294 986 3366 intellego.
1000 3293 1263 3353 Iactatadversus
1272 3294 1408 3353 Aiacem

322 3401 455 3474 Ulixes,
477 3403 505 3460 si
526 3418 578 3460 res
602 3400 814 3475 postularent,
837 3399 945 3458 nullas
966 3402 1072 3473 partes
1094 3401 1244 3473 quamvis
1265 3399 1410 3459 humiles

320 3526 338 3566 a
368 3525 402 3567 se
429 3506 613 3583 repudiatas
639 3521 724 3577 esse,
753 3507 856 3562 immo
885 3505 912 3564 si
935 3520 1015 3579 opus
1037 3509 1120 3563 esset
1141 3507 1216 3579 τοὺς
1236 3504 1409 3589 πολεμίους

321 3616 419 3679 κακόν
444 3642 472 3678 ῃ
500 3609 580 3700 δρᾶν
607 3613 693 3670 ultro
719 3610 772 3668 vel
800 3609 1023 3667 humilissimo
1055 3608 1162 3666 officio
1192 3608 1344 3668 functum
1375 3628 1408 3670 se

320 3738 398 3779 esse.
421 3719 526 3790 Quam
547 3721 632 3776 recte
654 3719 765 3776 auctor
786 3716 819 3774 h.
842 3715 862 3774 l.
885 3717 947 3773 tria
969 3716 1029 3774 ista
1052 3731 1189 3772 munera
1210 3713 1302 3774 Ulixi
1318 3717 1408 3773 attri-

353 3923 376 3986 1)
411 3922 522 3987 Scripsit
546 3922 578 3970 de
605 3920 704 3983 tragico
729 3920 763 3983 (l)
791 3919 940 3981 Theognide
965 3919 1000 3968 cf.
1031 3918 1142 3966 Mueller
1168 3933 1195 3981 p.
1223 3920 1269 3966 45:
1297 3919 1325 3964 ll
1349 3919 1408 3983 περὶ

321 4013 454 4077 θεόγνιδος
480 4011 528 4062 δἐ’
550 4040 581 4048 -
605 4011 759 4075 Euripidem
777 4026 801 4058 v.
820 4025 841 4058 c.
858 4010 1049 4057 adamaverunt
1066 4022 1154 4056 omncs
1171 4011 1198 4055 et
1215 4007 1409 4068 castigaverunt

323 4103 415 4165 Cynici
435 4104 469 4152 cf.
488 4103 581 4150 Weber
597 4102 639 4160 ll.,
657 4116 682 4165 p.
703 4103 750 4147 210
767 4104 805 4147 ut.
824 4100 837 4145 1
856 4126 885 4133 -
905 4113 930 4161 p.
950 4100 996 4147 193
1013 4102 1052 4146 nt.
1070 4100 1085 4144 2
1103 4124 1134 4132 -
1153 4095 1261 4158 Scripsit
1279 4095 1409 4158 Diogenes

321 4193 400 4240 etiarn
419 4191 575 4253 tragoedias.

353 4279 377 4343 ²)
412 4283 445 4330 cf.
471 4281 538 4342 Joel,
560 4296 586 4345 p.
609 4282 655 4328 417
674 4295 717 4342 sq,
740 4284 856 4328 ceterum
875 4279 921 4326 ille
937 4278 971 4326 ad
988 4278 1181 4325 sententiarum
1199 4277 1410 4325 convenientiam

324 4372 453 4421 attendit.
