3458 5182
837 383 897 447 105

364 564 405 623 In
425 561 571 639 graviore
593 561 701 639 hiatu,
733 564 788 642 qui
810 563 953 625 efficitur
973 563 1008 625 in
1029 563 1167 641 singulis
1187 565 1276 627 hisce
1298 587 1407 630 exem-

322 670 401 748 plis,
432 671 540 749 aliqua
561 687 657 730 causa
679 671 720 749 ¹),
742 676 873 747 propter
894 690 994 749 quam
1015 671 1140 732 hiatum
1164 674 1314 733 consulto
1341 693 1408 735 non

322 776 436 836 vitavit
456 781 583 850 auctor,
605 775 749 837 adfuisse
771 778 914 838 videtur.

363 881 520 943 Similiter
562 882 701 943 discerni
742 883 864 944 debent
900 883 1009 944 hiatus
1040 884 1075 943 in
1108 884 1408 948 declamationibus,

322 988 492 1050 Levissimi
524 987 631 1048 hiatus
664 990 814 1065 exempla
842 988 1006 1049 invenias:
1041 989 1092 1049 Αἰ.
1127 988 1159 1049 2:
1185 993 1209 1055 εἰ
1235 992 1408 1075 ἐκράτησαν

321 1096 447 1179 ἐκόμισα
480 1095 550 1181 ἐγὼ.
581 1092 619 1154 2:
647 1092 801 1182 φ’κίσαντό
831 1123 863 1160 τε
895 1093 950 1163 ἀν.
982 1093 1054 1162 τάδε
1076 1096 1142 1160 οῦκ.
1179 1094 1210 1157 3:
1231 1124 1267 1182 γε
1290 1097 1408 1173 αὐτοῖς.

320 1200 352 1260 4:
379 1201 410 1266 οί
434 1230 466 1267 τε
495 1198 603 1275 οὐδέν,
626 1203 686 1278 ἐγὼ
709 1197 740 1267 δὲ
768 1205 931 1285 ἐπίσταμαι
955 1205 1116 1287 νοσήματα
1138 1203 1237 1288 ἄλλῳ.
1261 1203 1292 1263 7:
1313 1209 1408 1270 ταῦτα

321 1309 452 1390 ἀθρεῖτε.
485 1305 516 1367 8:
538 1302 674 1381 δικάζετε
696 1310 818 1393 ὀρθῶς,
843 1303 874 1372 δὲ
897 1303 1058 1394 ἀκριβῶς,
1082 1303 1151 1384 δίκη
1173 1311 1247 1374 ἐστί.

362 1411 420 1472 Οά.
443 1410 479 1472 2:
502 1406 574 1476 οῦδὲ
596 1415 634 1484 εί,
657 1408 748 1497 δεῦρο
776 1414 945 1497 ἀφίγμεθα.
988 1409 1024 1471 3:
1057 1415 1096 1477 σίι
1123 1441 1159 1498 γε
1182 1411 1291 1489 οὐδὲν,
1313 1422 1407 1480 τοῦτο

320 1516 500 1592 ἀποκαλεῖς.
549 1514 585 1576 5:
619 1545 650 1582 τε
681 1517 716 1582 εἷ.
760 1515 795 1576 6:
828 1517 924 1582 οἶσθα
956 1515 1032 1589 οὐδ’,
1065 1545 1140 1584 ποτε
1172 1523 1364 1597 ἀποκτάνοις
1379 1522 1405 1601 ²)

321 1622 359 1683 72
392 1619 455 1690 οἵδε
487 1619 643 1712 ἀνδρεῖον,
676 1624 763 1689 ὅπλα
796 1621 879 1709 ἐ’χεις
913 1623 977 1699 (bis
1000 1624 1186 1705 deinceps),
1220 1626 1321 1692 ’ἔπειτα
1344 1627 1407 1692 οίει.

320 1727 351 1789 8:
373 1729 450 1794 αὐτὰ
472 1731 662 1814 εἰσέρχομαι,
685 1728 791 1793 καὶτὰ
813 1731 856 1794 ἐν.
887 1726 916 1787 9:
939 1728 1022 1794 ὅπλα
1034 1732 1107 1795 ἐστι.
1142 1730 1193 1792 1οε
1208 1734 1276 1797 τότε
1288 1734 1407 1808 αὐτοῖς,

318 1862 354 1915 με
376 1833 536 1919 ἀφείλετο,
559 1835 649 1908 ἡνίκα
672 1832 725 1906 ἀν,
753 1840 919 1909 τηνικαῦτα
940 1837 1011 1921 ἐγώ.
1046 1834 1099 1894 ll:
1121 1832 1178 1902 δύο
1203 1834 1326 1927 ἄνδρες.
1350 1838 1406 1900 12:

320 1938 406 2004 ὅπλα
428 1942 608 2019 ἀναθήσειν,
630 1940 734 2022 ἕτοιμα
756 1941 911 2024 ἐκόμισας.
945 1939 995 2001 13:
1019 1971 1051 2007 σε
1074 1945 1241 2026 ἐπιθυμεῖν.

362 2043 529 2103 Vocalium
551 2043 795 2118 concursiones,
817 2064 899 2121 quae
922 2046 975 2106 vix
997 2047 1205 2108 distrahendo
1220 2068 1315 2111 voces
1336 2068 1406 2110 mu-

319 2150 460 2208 tandove
482 2150 631 2209 ordinem
652 2148 746 2210 vitari
767 2156 939 2226 potuerant
958 2151 1125 2213 invenias:

360 2255 411 2315 Ai.
435 2253 466 2314 l:
496 2259 537 2340 μὴ
560 2251 698 2330 εἰδότων,
720 2259 757 2323 τὸ
779 2253 810 2322 δὲ
833 2263 964 2345 πρᾶγμα
987 2261 1132 2345 ἐγίγνετο
1155 2258 1246 2348 ἐ’ργῳ.
1280 2258 1310 2320 7:
1342 2266 1404 2348 κρί·

320 2389 402 2426 νεται
424 2360 590 2449 ἀλλ’ἕργῳ.
623 2360 660 2421 9:
682 2366 752 2443 περὶ
774 2365 848 2447 ἐμοῦ
871 2367 919 2439 ὅς.

361 2466 419 2526 0d·
442 2465 472 2526 l:
494 2468 557 2553 ἐγὼ
570 2465 597 2544 ἦ,
620 2471 719 2533 καίτοι
730 2471 772 2538 ἐν,
795 2472 869 2550 ἐμοῦ
885 2468 934 2534 ἂν.
956 2466 988 2529 3:
1010 2468 1146 2546 ἀλλοςῆ
1158 2471 1230 2555 ἐγώ.
1251 2470 1283 2529 4:
1306 2474 1403 2535 καίτοι

318 2572 410 2660 είτερ.
444 2571 474 2632 7:
508 2571 646 2651 ἢέντὸς.
680 2574 731 2635 ll:
762 2579 804 2660 μὴ
826 2572 941 2651 ἠδῦνω.
981 2573 1039 2637 12:
1070 2579 1112 2660 μὴ
1134 2573 1341 2650 ἀποδιδοῦσι,
1368 2578 1405 2642 τὰ

319 2676 530 2764 ὀνειδιζόμενα
553 2681 734 2767 ἀφειλόμην.

361 2784 550 2863 Sequuntur
580 2785 760 2862 gravissimi
793 2786 916 2860 hiatus,
950 2805 1032 2865 quos
1064 2793 1176 2847 auctor
1207 2787 1342 2846 fortasse
1364 2788 1404 2847 de

318 2889 478 2952 industria
509 2891 685 2969 quaesivit,
715 2898 752 2952 ut
784 2895 913 2968 singula
934 2895 1030 2954 verba
1052 2899 1138 2954 certo
1160 2894 1298 2954 consilio
1319 2912 1404 2953 com-

318 2998 438 3073 posita,
460 3015 553 3057 suam
571 3001 642 3057 vim
664 3003 696 3058 et
718 3000 827 3058 locum
849 3005 1033 3060 servarent:

358 3100 412 3161 Αἰ.
435 3102 465 3162 l:
486 3105 736 3191 παραγενόμενοι
757 3107 875 3181 αὐτοῖς,
887 3107 984 3171 αὐτοῦ
996 3101 1142 3192 ἐκφαίνει.
1164 3103 1195 3165 93
1213 3109 1339 3191 ἀφῖκται
1350 3110 1402 3181 εἰς.

359 3207 418 3268 Od.
440 3209 472 3270 2:
504 3209 603 3276 πλέον
624 3208 768 3298 ἐγίγνετο
790 3209 893 3278 οὐδὲν.
928 3211 961 3271 4:
993 3213 1029 3276 τὸ
1050 3217 1165 3277 τοῦτον
1188 3210 1298 3278 α’ίτιον.
1332 3209 1404 3288 7ῑῆ

318 3315 408 3391 ἐντὸς
429 3320 567 3404 τείχους.
601 3315 652 3377 10:
674 3321 713 3383 σὺ
735 3318 890 3405 ἀσφαλῶς
910 3316 1081 3393 καθεύδεις.
1115 3315 1352 3383 11εοίειεῖνιιι.

359 3420 409 3478 Ex
441 3422 576 3499 quibus,
599 3424 634 3481 ni
661 3423 774 3497 fallor,
797 3424 992 3483 concludere
1014 3423 1091 3482 licet
1112 3427 1277 3482 auctorem
1299 3421 1404 3481 decla-

318 3529 501 3586 mationum
541 3545 658 3603 parum
694 3529 871 3589 attendisse
908 3530 949 3589 ad
990 3529 1098 3587 hiatus
1137 3527 1306 3596 vitandos;
1341 3528 1404 3585 tria

317 3636 482 3694 vocalium
513 3653 690 3695 concursus
720 3653 839 3709 genera
866 3638 973 3696 inesse
1005 3635 1152 3704 ostendi3
1185 3636 1345 3709 primunr,
1368 3634 1403 3690 in

318 3758 382 3817 quo
411 3758 505 3801 aures
534 3742 591 3798 vix
612 3740 842 3813 offenduntur,
864 3741 1005 3800 alterum
1026 3759 1140 3799 eorum
1161 3741 1218 3817 qui
1240 3739 1404 3812 graviores

317 3852 409 3919 sunt,
442 3865 501 3907 nec
528 3849 594 3906 levi
616 3848 742 3906 ratione
764 3851 900 3924 possunt
922 3848 1102 3919 eliminari,
1124 3848 1259 3905 tertium
1281 3847 1316 3902 in
1338 3861 1403 3920 quo

316 3953 502 4025 gravissimi
525 3952 635 4013 hiatus
657 3953 807 4012 consulto
829 3972 847 4012 a
868 3954 1024 4028 scriptore
1046 3953 1185 4029 quaesiti
1208 3950 1403 4011 esseviden-

316 4061 371 4116 tur
412 4061 543 4133 propter
582 4059 854 4135 compositionem
899 4060 1046 4135 ipsorum
1090 4057 1280 4130 verborum,
1320 4074 1402 4134 quae

350 4309 371 4376 1)
405 4312 447 4361 cf.
465 4328 531 4375 quae
547 4327 627 4376 supra
643 4327 667 4375 p.
686 4315 715 4362 81
735 4313 869 4375 disputavi
885 4312 918 4361 de
934 4308 1074 4360 verborum
1092 4310 1191 4361 ordine.

349 4400 373 4464 ²)
408 4401 488 4450 Omisi
504 4407 558 4467 opt.
575 4416 700 4467 reponere
717 4400 745 4449 in
762 4404 849 4450 textu.
