3458 5182
849 371 888 433 39

364 553 426 614 Oui
448 572 516 613 non
538 555 573 612 in
595 557 740 611 mentem
760 554 853 612 venit
867 554 1032 612 altercatio
1048 551 1202 613 Hecubae
1219 557 1251 612 et
1266 553 1411 615 Helenae

323 660 363 720 ab
385 659 544 736 Euripide
566 658 654 734 ficta,
677 660 730 718 vel
753 661 857 734 ipsius
876 659 1085 719 Antisthenis
1100 658 1245 719 Helenae
1261 665 1293 719 et
1308 660 1410 720 Pene-

322 767 412 843 lopes
434 767 623 826 contentio?

362 871 407 931 At
439 873 546 931 taedio
578 889 612 932 se
644 870 728 930 affici
755 870 935 931 Muellerus
957 871 1126 931 confessus
1159 875 1239 945 erat,
1262 874 1408 948 ineptam

321 978 439 1038 harum
474 978 750 1038 declamationum
778 975 971 1036 rhetoricam
1006 977 1237 1046 devorantem;
1268 977 1409 1037 Blassius

320 1090 412 1160 rogat
442 1102 501 1145 suo
533 1081 649 1159 opinor
674 1081 745 1142 iure
775 1100 897 1157 negans
925 1100 966 1141 ex
987 1081 1095 1142 taedio
1118 1087 1309 1156 argumenta
1331 1083 1411 1143 ferri

321 1208 429 1267 posse,
451 1208 534 1248 num
555 1190 685 1249 diversa
706 1188 807 1249 fuisse
830 1188 1002 1248 videantur
1024 1190 1196 1264 opuscula,
1219 1190 1328 1266 qualia
1352 1189 1411 1247 Po-

321 1298 459 1373 lycrates
472 1296 624 1356 Isocratis
639 1294 851 1372 Platonisque
868 1296 1014 1372 aequalis
1033 1294 1159 1354 fecerit.
1176 1294 1202 1371 ¹)
1229 1293 1410 1355 Muellerus

321 1404 574 1463 declamationes
608 1407 732 1461 nostras
767 1401 964 1460 rhetoricam
1007 1403 1275 1460 exercitationem
1307 1402 1411 1475 magis

320 1509 467 1568 redolere
479 1525 579 1585 quam
592 1508 788 1581 gravitatem
801 1505 1011 1566 Antisthenis
1026 1506 1207 1564 contendit.
1240 1505 1301 1565 Oui
1323 1511 1409 1566 recte

320 1620 357 1674 ut
379 1614 527 1685 videtur,
556 1609 698 1671 Blassius
720 1611 799 1669 haec
820 1610 889 1668 fere
912 1610 1065 1685 opponit:
1093 1608 1171 1687 quid
1193 1611 1316 1668 mirum
1337 1610 1410 1669 rhe-

319 1723 454 1781 toricam
476 1719 624 1779 redolere
646 1717 803 1792 opuscula
825 1733 906 1793 quae
928 1734 946 1774 a
966 1715 1095 1774 rhetore
1123 1716 1302 1790 composita
1333 1717 1409 1776 sint.

320 1825 385 1886 Sed
407 1825 614 1903 aliquatenus
635 1827 765 1882 tantum
786 1839 865 1884 vere
882 1821 1044 1879 rhetorica
1067 1821 1133 1879 dici
1156 1824 1304 1896 possunt,
1333 1838 1410 1879 nam

319 1933 423 1990 multa
445 1930 573 1990 desunt.
607 1927 820 1986 Desideratur
842 1928 933 1985 enim
963 1927 1169 2001 prooemium
1192 1930 1224 1985 et
1246 1926 1409 2002 epilogus,

318 2038 437 2097 absunt
453 2034 625 2121 μάρτυρες,
646 2033 939 2107 argumentationis
957 2049 1032 2090 vere
1052 2031 1231 2090 rhetoricae
1253 2049 1314 2091 nec
1335 2031 1409 2090 vola

319 2161 379 2203 nec
390 2143 577 2215 vestigium.
601 2137 754 2197 Ceterum
769 2137 831 2196 hoc
843 2139 952 2213 ipsum
965 2154 1041 2195 cum
1053 2135 1262 2197 Antisthenis
1273 2137 1408 2211 ingenio

319 2250 441 2324 optime
454 2247 621 2305 convenit:
634 2244 745 2303 oderat
757 2244 814 2303 ille
827 2261 920 2303 veros
932 2243 1086 2316 rhetores,
1100 2261 1206 2302 meros
1217 2242 1408 2304 causidicos.

359 2353 439 2424 Quis
471 2370 538 2410 non
568 2350 696 2409 audivit
724 2367 804 2426 quas
825 2350 1033 2421 inimicitias,
1056 2366 1132 2408 cum
1156 2349 1296 2409 Isocrate
1318 2367 1408 2408 exer·

318 2461 436 2531 cuerit,
468 2458 600 2516 cuinam
627 2459 676 2516 est
702 2456 910 2528 incognitum
938 2454 1053 2513 odium
1087 2455 1243 2514 adversus
1274 2453 1406 2529 Lysiam

318 2567 449 2640 propter
479 2565 651 2638 quaestum
683 2563 720 2620 in
754 2561 1000 2620 conscribendis
1029 2561 1232 2621 orationibus
1255 2563 1407 2636 partum?

319 2668 376 2745 (cf.
409 2667 444 2728 5:
477 2673 546 2754 περὶ
578 2671 642 2731 τῶν
675 2663 878 2754 δικογράφων
911 2665 929 2742 ἢ
961 2669 1081 2741 Λυσίας
1119 2672 1167 2732 καὶ
1197 2664 1407 2755 Ἰσοκράτης.)

318 2774 530 2846 Quodautem
539 2772 1408 2848 Muellerussuspicaturdeclamationesrhetorialicui

317 2878 532 2954 adsignandas
564 2896 632 2939 esse
664 2879 718 2938 vel
749 2879 807 2936 alii
848 2877 1041 2937 Antistheni
1078 2878 1329 2953 adjudicandos,
1372 2879 1407 2938 id

319 2986 463 3044 Blassius
484 3001 615 3060 prorsus
636 2985 761 3060 abjicit.
792 2983 834 3043 Et
856 2987 990 3059 merito,
1012 3002 1088 3043 narn
1111 2986 1168 3061 qui
1187 2986 1353 3044 existimat
1371 2985 1407 3044 id

317 3090 388 3150 fieri
410 3093 570 3166 potuisse,
591 3090 772 3150 absurdum
794 3090 921 3167 aliquid
944 3090 1077 3165 profert.
1114 3089 1184 3161 Quo
1200 3091 1290 3149 enim
1308 3092 1406 3150 modo

317 3197 427 3255 rhetor
441 3196 562 3273 aliquis
578 3196 639 3256 sub
654 3195 864 3255 Antisthenis
876 3197 1085 3271 potissimum
1098 3197 1232 3255 nomine
1244 3199 1407 3257 orationes

317 3300 463 3374 finxerit,
480 3303 507 3362 si
520 3319 635 3361 eorum
645 3293 877 3375 argumentum
892 3319 910 3360 a
924 3301 1120 3377 philosopho
1132 3301 1324 3362 Antistheni
1337 3306 1406 3362 tam

317 3408 412 3482 longe
435 3409 534 3468 distet
555 3413 592 3468 ut
615 3409 784 3468 contendit
807 3407 987 3468 Muellerus
1008 3410 1101 3484 ipse?

358 3512 467 3573 Habes
490 3513 608 3576 Blassii
630 3516 690 3575 hac
712 3516 753 3574 de
775 3534 808 3575 re
830 3517 1013 3585 indicium
1036 3518 1113 3576 satis
1135 3516 1333 3590 luculenter,
1356 3519 1404 3575 uti

317 3619 448 3694 opinor,
487 3620 724 3681 demonstravit
756 3622 944 3696 rationem,
964 3638 1027 3697 qua
1059 3621 1114 3680 hic
1141 3621 1237 3682 Aiaci
1259 3627 1290 3681 et
1315 3620 1404 3682 Ulixi

316 3723 471 3782 heroibus
494 3727 656 3786 orationes
681 3725 774 3785 fictae
800 3727 1005 3786 subiciantur
1026 3745 1093 3786 non
1114 3727 1301 3803 prohibere,
1327 3746 1405 3805 quo-

317 3831 428 3888 minus
450 3830 703 3889 declamationes
724 3830 918 3890 Antistheni
942 3829 1066 3906 (lynico
1088 3833 1314 3894 attribuamus.

358 3934 428 3992 Iam
449 3937 618 4009 attigimus
640 3955 793 4011 magnam
820 3939 907 3997 inter
928 3941 1037 4013 poetas
1063 3942 1094 3997 et
1116 3940 1277 4015 sophistas
1299 3942 1405 4017 philo·

316 4039 499 4117 sophosque
521 4045 797 4102 convenientiam.
835 4042 943 4114 Quum
966 4046 1055 4102 enim
1077 4051 1188 4119 poetae
1210 4047 1405 4124 plerumque

315 4145 438 4226 pibone
464 4164 488 4205 s.
510 4147 639 4206 fabulas
662 4149 707 4206 ita
728 4148 888 4208 adhibent
910 4154 946 4207 ut
968 4167 1074 4210 mores
1096 4149 1274 4212 affectusve
1297 4170 1405 4228 perso-

350 4397 372 4460 ¹)
407 4400 439 4447 In
457 4400 540 4463 praet.
558 4399 591 4448 ad
608 4399 784 4463 Antiphontis
801 4400 841 4448 ed.
860 4399 881 4449 I.
899 4413 923 4462 p.
941 4399 1015 4448 XVI.
