3458 5182
847 359 906 423 101

330 545 395 602 tiae
416 544 529 617 verba,
559 545 596 603 in
617 543 913 604 declamationibus
933 543 1046 616 obvia,
1068 561 1151 620 quae
1173 547 1320 603 accurate
1342 561 1416 604 con-

330 651 466 708 veniant
488 668 564 709 cum
585 668 622 709 ea
643 652 768 710 ratione
790 649 922 709 dicendi
935 648 1176 721 Antisthenica‚
1198 650 1330 727 qualem
1345 655 1417 726 post

329 755 470 814 aliorum
491 773 584 815 curas
605 755 679 815 Joel
700 756 814 816 sedula
835 772 911 814 cura
933 755 1085 814 ostendit.

370 859 521 918 Primum
556 861 728 920 observatu
764 861 958 934 dignissima
990 859 1074 918 mihi
1108 861 1240 920 videtur
1260 860 1416 939 frequens

329 967 480 1040 repetitio
496 965 521 1044 ¹)
548 967 637 1024 vocis
660 961 793 1040 δοῦλος,
816 983 880 1043 qua
902 983 980 1025 voce
1001 966 1083 1042 quid
1104 966 1246 1024 voluerit
1260 965 1289 1044 ⁹)
1309 965 1415 1042 philo·

328 1070 450 1146 sophus
471 1071 605 1131 uberius
627 1073 722 1131 nohis
744 1073 911 1149 aliquanto
934 1089 1097 1146 exponere
1120 1072 1225 1130 liceat.
1269 1072 1361 1131 Plato
1381 1077 1412 1130 et

327 1175 512 1252 Xenophon
527 1176 633 1235 nobili
649 1177 720 1235 loco
736 1176 804 1235 nati
821 1176 862 1235 ad
874 1194 1042 1235 servorum
1055 1175 1285 1234 condicionem
1297 1195 1413 1251 parum

327 1283 515 1357 attendunt,
536 1283 718 1343 tolerabant
739 1286 777 1340 ut
793 1282 938 1351 videtum
955 1281 1100 1341 Socrates
1115 1283 1267 1358 quamvis
1283 1283 1391 1357 plebej

325 1407 443 1463 genere
464 1395 554 1449 ortus
568 1395 599 1449 et
621 1390 699 1449 inde
720 1390 811 1448 victu
832 1406 868 1447 ao
890 1387 1020 1447 familia
1042 1388 1130 1448 haud
1147 1389 1260 1464 procul
1275 1406 1294 1447 a
1310 1391 1414 1448 servis

326 1474 464 1554 distans¹
482 1513 554 1555 raro
576 1495 616 1554 de
631 1496 824 1555 condicione
847 1512 961 1553 eorum
984 1495 1115 1555 disserit
1136 1529 1176 1538 -
1197 1495 1278 1573 quid
1300 1499 1412 1554 autem

324 1599 562 1661 Antisthenes?
605 1599 708 1660 Natus
730 1618 771 1658 ex
785 1600 905 1659 ancilla
920 1599 1071 1674 Thracia,
1087 1600 1144 1665 οὐκ
1159 1602 1311 1687 ἰθαγενὴς
1328 1605 1411 1672 erat,

327 1706 535 1791 Κυνόσαργες
559 1709 589 1765 ei
612 1706 822 1765 domicilium
843 1710 875 1764 et
888 1707 1114 1780 gymnasium,
1130 1706 1188 1766 ubi
1210 1725 1286 1766 cum
1301 1706 1412 1772 nothis

324 1814 381 1887 qui
415 1813 533 1887 impari
566 1811 719 1885 conjugio
752 1817 808 1870 aut
840 1812 1061 1870 concubinatu
1091 1814 1153 1870 orti
1177 1817 1269 1871 erant
1291 1813 1412 1871 cotidie

324 1917 522 1976 versabatur.
565 1916 797 1991 Pauperrimus
819 1917 903 1992 ipse,
926 1917 1106 1992 discipulos
1127 1935 1257 1995 quoque
1279 1917 1412 1978 fortuna

324 2021 545 2097 civilibusque
578 2021 707 2080 iuribus
739 2022 911 2081 destitutos
943 2022 1082 2082 habebat
1115 2027 1328 2099 externasque
1361 2041 1411 2085 res

325 2129 460 2186 omnino
471 2127 712 2202 aspernabatur.
729 2126 813 2187 Cum
825 2128 1012 2187 istiusmodi
1023 2128 1216 2188 hominibus
1227 2131 1412 2202 ignominia

324 2235 444 2292 notatis
477 2235 580 2292 vitam
606 2232 758 2306 degebat,
780 2234 837 2293 sed
859 2252 962 2320 aequo
984 2236 1094 2293 animo
1117 2236 1178 2294 ista
1200 2237 1311 2294 omnia
1332 2237 1410 2295 tole-

323 2338 428 2412 rabat,
450 2341 531 2415 quin
557 2341 666 2415 potius
687 2340 833 2416 reliquos
854 2342 911 2416 qui
933 2340 1157 2413 gloriabantur
1178 2358 1211 2399 se
1233 2359 1301 2401 esse
1324 2342 1410 2400 indi-

322 2462 420 2518 genas
435 2444 557 2517 illusit,
574 2444 847 2520 exprobrantibus
862 2428 1001 2503 matrem
1016 2462 1084 2505 esse
1097 2445 1276 2520 Phrygiam
1288 2446 1411 2520 objecit

322 2550 459 2608 deorum
499 2554 636 2609 matrem
668 2525 805 2627 ¹quoque
836 2549 1016 2624 Phrygiam
1048 2566 1126 2610 esse.
1170 2548 1256 2609 Nam
1278 2549 1351 2610 aliis
1373 2570 1410 2612 ac

321 2656 417 2730 longe
429 2657 569 2716 diversis
581 2656 724 2731 Cynicus
736 2655 763 2735 ³)
775 2656 904 2715 divitiis
915 2656 1086 2730 gloriatur:
1099 2657 1256 2746 αὐταρκὴς
1266 2662 1304 2745 τῇ
1315 2656 1411 2746 α’ρετῇ

322 2777 395 2819 eam
424 2762 561 2821 vivendi
594 2781 744 2822 normam
775 2779 851 2820 vere
884 2764 1048 2835 ingenuus
1076 2780 1112 2822 ac
1143 2762 1227 2822 liber
1251 2765 1408 2840 sequitur,

321 2883 421 2943 quam
450 2871 547 2928 unice
569 2869 778 2945 philosophia
798 2870 869 2927 eius
891 2868 1005 2944 probat
1024 2902 1066 2911 —
1087 2872 1198 2928 contra
1217 2873 1339 2929 ceteros
1351 2873 1408 2947 qui

321 2970 470 3031 libertate
492 2973 559 3031 frui
582 2973 646 3033 sibi
668 2974 838 3047 videntur,
858 2991 911 3033 eos
923 2991 1015 3033 veros
1027 2991 1136 3033 servos
1148 2975 1298 3050 appellat.
1321 2976 1408 3046 Quid

319 3078 442 3143 mirum
454 3080 554 3152 igitur
565 3080 593 3138 si
606 3078 840 3138 Antisthenem
849 3081 979 3154 saepius
991 3079 1032 3137 de
1044 3082 1202 3140 servitute
1215 3085 1246 3139 et
1257 3081 1408 3142 libertate

318 3184 509 3245 disseruisse
531 3186 746 3245 invenimus?
773 3185 834 3246 Cui
854 3192 1048 3260 argumento
1064 3187 1266 3261 singularem
1281 3188 1407 3247 librum

352 3479 372 3545 ¹)
406 3481 447 3530 Ai.
465 3483 479 3529 6
496 3481 546 3543 bis,
563 3483 587 3531 7.
605 3481 652 3532 Od.
671 3483 694 3544 9,
712 3483 751 3532 10.
770 3482 865 3543 Elaea,
883 3497 908 3545 p.
929 3483 984 3532 340.

351 3571 537 3620 Antisthenem
563 3571 670 3634 eiusque
696 3576 838 3621 sectatores
863 3586 987 3635 persaepe
1012 3571 1094 3634 egisse
1120 3573 1152 3622 de
1171 3574 1252 3623 servis
1269 3590 1300 3623 ao
1317 3576 1408 3626 liberis

317 3666 435 3712 constat:
461 3663 496 3714 cf.
521 3663 663 3714 Wincklm.
689 3664 794 3726 fragm,
820 3679 845 3727 p.
864 3665 903 3723 59,
928 3663 1247 3728 14;58‚9;J0e111.,p.
1269 3667 1327 3725 361;
1352 3669 1408 3728 360,

317 3753 377 3813 495,
399 3755 460 3813 499,
482 3756 542 3814 405,
566 3755 626 3814 400,
649 3755 696 3803 107
717 3759 766 3806 oet.
783 3781 816 3789 -
832 3753 926 3802 Weber
948 3753 989 3814 ll.‚
1007 3755 1038 3801 92
1061 3768 1099 3816 sq.
1123 3781 1155 3790 -
1181 3755 1269 3804 Hense
1286 3756 1315 3803 in
1338 3756 1405 3807 Mus.

318 3841 400 3894 Rhen.
420 3844 490 3903 1892,
508 3858 533 3906 p.
551 3845 610 3894 220.

349 3929 369 3995 ‘)
405 3933 535 3981 Convenit
562 3948 665 3995 quoque
693 3948 753 3982 cum
782 3933 881 3996 Cynica
908 3933 1062 3992 insolentia,
1090 3934 1161 3995 quod
1188 3938 1293 3997 praeter
1319 3949 1407 3983 vocem

316 4017 409 4079 δοῦλος
443 4022 536 4071 crebro
565 4026 683 4072 recurrat
715 4023 862 4072 convicium
896 4023 1052 4088 μαστιγίας;
1082 4023 1172 4072 eodem
1198 4023 1268 4072 redit
1293 4025 1408 4074 mendici

317 4109 440 4174 (πτωχός)
457 4111 567 4170 mentio,
584 4111 680 4174 pannis
697 4109 825 4176 (bristow)
843 4112 931 4162 obsiti.

347 4198 372 4262 ⁸)
407 4201 499 4263 Oynici
507 4201 579 4249 enim
588 4216 728 4264 pauperem
741 4217 801 4251 eum
812 4203 995 4266 appellabant,
1012 4205 1058 4266 qui
1070 4205 1170 4252 virtute
1181 4207 1289 4262 careret,
1302 4218 1407 4252 servum

316 4305 387 4349 eum,
407 4290 452 4352 qui
464 4291 619 4340 libidinibus
631 4291 747 4354 (vitiisl)
759 4292 889 4341 obnoxius
901 4298 976 4353 esset,
985 4309 1074 4356 regem
1086 4293 1240 4358 (diviteml)
1250 4308 1311 4343 eum
1323 4295 1406 4344 solum

315 4381 360 4444 qui
381 4381 484 4446 sapiens
501 4383 577 4431 esset.
596 4381 689 4431 Weber
707 4381 751 4443 ll.‚
769 4396 795 4447 p.
814 4383 869 4443 178,
888 4383 944 4433 138.
