3458 5182
854 401 872 467 2

317 588 370 643 via
384 587 543 660 aperitur,
560 587 594 644 in
610 587 731 662 quibus
749 604 809 645 suo
824 589 965 662 quisque
978 587 1113 659 ingenio
1128 584 1270 644 ducitur.
1300 585 1407 658 Igitur

317 697 349 750 et
378 692 514 751 audacia
546 692 669 768 aliqua,
701 699 733 752 et
765 694 925 760 modestia
957 710 1039 768 opus
1068 698 1115 751 611
1143 696 1190 766 ei,
1216 694 1273 770 qui
1297 691 1406 751 denuo

317 799 544 875 quaestionem
566 797 606 855 de
628 797 838 858 Antisthenis
861 800 992 872 scriptis
1008 799 1180 856 instituere
1196 800 1279 859 vult.
1303 800 1406 871 Quem

317 905 461 962 laborem
483 905 510 960 si
533 903 659 962 absolvi
681 922 774 979 posse
797 905 857 963 hoc
881 904 994 962 libello
1018 909 1183 979 putarem,
1206 909 1407 981 susciperem

318 1026 400 1067 onus
427 1009 563 1068 tortasse
588 1011 690 1068 nimis
711 1028 807 1083 grave
830 1008 978 1068 humeris
1001 1012 1095 1079 meis3
1111 1011 1176 1081 sed
1198 1029 1256 1086 pro
1278 1014 1407 1070 viribus

318 1117 401 1174 meis
422 1133 492 1174 rem
515 1135 621 1191 agam,
646 1118 726 1175 dum
748 1135 842 1193 spero
865 1117 935 1175 fore
954 1122 990 1175 ut
1007 1116 1117 1176 studia
1132 1135 1204 1176 mea
1219 1120 1301 1176 utile
1317 1121 1407 1195 quic-

318 1239 416 1297 quam
449 1222 589 1283 offerant
622 1225 722 1283 simul
756 1242 949 1299 persuasum
983 1224 1085 1282 habeo
1118 1224 1204 1282 nihil
1239 1242 1308 1283 esse
1339 1230 1407 1284 tam

293 1327 469 1401 difficile,
503 1347 601 1406 quarn
634 1332 670 1388 in
703 1330 923 1406 plurimorum
953 1333 1128 1390 sententiis
1155 1330 1406 1406 persequendis,

317 1435 563 1511 eorundemque
573 1437 803 1494 controversiis
815 1434 1041 1510 dijudicandis
1053 1436 1093 1494 ab
1106 1436 1259 1494 omnibus
1267 1435 1407 1510 probari.

359 1539 434 1599 Non
462 1544 573 1600 omnia
595 1544 715 1616 scripta
737 1540 947 1600 Antisthenis
969 1547 1106 1600 tractare
1129 1541 1212 1599 mihi
1235 1543 1272 1599 in
1294 1543 1405 1599 animo

318 1653 375 1706 est.
410 1646 517 1705 Simul
540 1647 657 1705 utilius
680 1651 711 1705 et
733 1648 861 1706 viribus
884 1651 966 1707 meis
990 1649 1094 1721 magis
1121 1647 1402 1705 accommodatum

319 1753 403 1811 mihi
435 1753 609 1811 videbatur
638 1753 799 1829 quaedam
821 1726 975 1827 seligere}
1010 1753 1194 1829 dequibus
1222 1754 1404 1810 accuratius

319 1859 535 1934 inquirerem;
568 1877 603 1916 ea
632 1861 733 1931 igitur
763 1860 932 1916 tractanda
959 1860 1062 1917 sumsi
1091 1857 1131 1916 de
1161 1858 1281 1934 quibus
1313 1861 1403 1931 puta·

320 1963 394 2021 bam
416 1964 527 2040 aliqua
549 1981 624 2021 cum
648 1963 877 2037 probabilitate
901 1962 1062 2037 disputari
1085 1979 1188 2037 posse.

360 2068 464 2140 Quam
487 2071 712 2145 quaestionem
734 2070 779 2127 ita
801 2072 988 2141 instituam,
1012 2075 1048 2128 ut
1069 2071 1214 2144 primum
1235 2071 1274 2128 de
1291 2068 1408 2127 studiis

319 2175 491 2234 rhetoricis
522 2193 633 2249 agam,
667 2175 787 2250 quibus
816 2192 980 2233 summam
1012 2175 1109 2234 dabat
1145 2192 1276 2250 operam
1312 2174 1408 2233 Anti-

320 2281 467 2353 sthenes,
500 2281 579 2339 dein
611 2282 722 2356 paucis
755 2281 795 2338 de
818 2283 1087 2356 interpretatione
1109 2281 1285 2340 Homerica
1310 2282 1409 2355 scrip-

319 2389 426 2464 tisque
459 2378 646 2445 Homericis
678 2387 849 2458 disseram,
887 2393 959 2445 tum
985 2390 1158 2462 praecipue
1187 2387 1227 2445 de
1252 2387 1352 2445 Aiace
1378 2391 1410 2444 et

320 2491 419 2552 Ulixe
462 2492 769 2564 declamationibus,
813 2509 894 2568 quae
933 2493 994 2551 sub
1031 2491 1241 2552 Antisthenis
1274 2493 1409 2549 nomine

320 2598 599 2656 circumferuntur
614 2601 645 2656 ct
659 2603 814 2675 tanquam
831 2597 1011 2656 rhetoricae
1023 2599 1101 2656 artis
1113 2601 1144 2655 et
1157 2596 1408 2657 Homericorum

321 2704 507 2763 studiorum
530 2704 681 2778 exempla
695 2703 846 2762 habenda
862 2709 954 2775 sunt,
970 2704 1153 2774 ostendam,
1166 2705 1248 2779 quid
1259 2705 1408 2763 sentiam.

361 2809 410 2866 Ae
437 2811 582 2883 primum
608 2809 743 2884 quidem
767 2810 913 2868 indicem
936 2829 953 2868 a
980 2810 1127 2883 Diogene
1150 2809 1277 2869 Laertio
1304 2828 1409 2868 serva·

322 2921 393 2973 tum
427 2915 687 2986 consideremus,
723 2916 757 2972 in
791 2934 854 2991 quo
888 2916 1005 2974 haecce
1032 2933 1128 2989 opera
1153 2915 1298 2974 indicata
1323 2919 1408 2973 sunt.

323 3020 586 3091 Observationes,
620 3020 740 3095 quibus
768 3021 884 3092 ingens
912 3037 1070 3078 numerus
1097 3020 1271 3077 titulorum
1299 3020 1408 3076 locum

323 3125 391 3196 dat,
418 3126 453 3182 in
476 3129 586 3182 nostra
607 3126 796 3199 quaestione
819 3124 954 3182 10111116
977 3123 1118 3182 alicuius
1140 3129 1216 3182 suut
1239 3125 1408 3182 momenti,

324 3230 430 3288 Scatet
452 3229 554 3288 index
569 3230 679 3300 vitiis,
706 3230 785 3287 adeo
806 3247 901 3303 saepe
922 3231 1114 3305 inquinatus
1136 3234 1184 3287 est
1199 3229 1428 3293 librariorum,

323 3337 463 3405 mendis,
471 3341 506 3395 ut
522 3338 557 3392 in
572 3336 712 3408 singulis
727 3335 965 3410 propemodum
973 3336 1080 3393 titulis
1096 3335 1196 3393 lector
1211 3335 1408 3402 offendatur3

324 3459 394 3500 raro
427 3443 528 3515 igitur
560 3442 666 3501 titulis
698 3443 792 3516 ipsis,
821 3444 878 3498 vix
909 3441 1131 3499 divisionibus
1162 3441 1263 3499 fidem
1290 3442 1409 3499 habere

324 3564 505 3620 possumus.
549 3547 728 3604 Enumerat
751 3545 914 3619 Diogenes
937 3543 974 3605 62
997 3547 1110 3604 titulos
1126 3549 1161 3604 111
1178 3547 1290 3605 decern
1305 3551 1410 3605 tomos

325 3651 477 3724 digestos,
490 3670 571 3727 quae
587 3652 785 3724 distributio,
802 3657 837 3709 ut
846 3658 932 3710 recte
945 3651 1086 3709 Mueller
1095 3653 1218 3728 aliique
1228 3653 1409 3721 observant,

324 3776 391 3816 non
412 3760 452 3817 ab
474 3759 673 3819 Antisthene
695 3761 765 3833 ipso
787 3758 872 3816 facta
894 3764 950 3817 est.

368 3865 393 3942 ¹)
416 3865 537 3924 Tomus
560 3865 586 3924 Ι.
634 3864 661 3924 l·
683 3869 752 3951 περὶ
776 3862 891 3938 λέξεως
914 3863 932 3939 ἢ
953 3868 1025 3952 περὶ
1048 3867 1266 3952 χαρακτήρων·

628 3970 655 4030 2·
680 3970 759 4045 Aloe
781 3970 799 4046 ἢ
823 3970 960 4045 Αἴαντος
982 3970 1096 4056 λόγος·

358 4238 377 4301 ¹)
413 4238 524 4284 Secutus
540 4251 596 4283 sum
615 4237 707 4284 Cobeti
725 4237 877 4285 editionem.
911 4236 1010 4300 Τόμους
1028 4235 1209 4283 membraneos
1227 4233 1339 4291 codices,
1358 4233 1374 4280 i.
1389 4250 1410 4281 c.

326 4329 458 4388 „einzelue
484 4326 711 4389 l'apyrusrolleu'';
729 4325 838 4387 (1111111.)
856 4325 946 4372 (locem
968 4324 1049 4371 fuisse
1064 4330 1168 4385 praeter
1181 4323 1253 4381 Diog.
1264 4322 1350 4370 lateri.
1361 4326 1410 4369 tes·

325 4422 417 4465 tantur
436 4417 507 4464 Saul.
525 4432 548 4465 v.
567 4415 640 4466 'Avr2
659 4415 735 4473 οὗτος
752 4413 892 4479 συνέγραψε
911 4419 1003 4477 νόμους
1021 4411 1088 4462 δέκα.
1115 4412 1232 4460 Eudocia
1251 4427 1275 4473 p.
1294 4415 1333 4460 tt.
