3458 5182
841 373 879 437 97

315 557 474 617 absurdus
506 574 581 631 ergo
613 556 673 617 iste
696 560 835 636 φθόνος,
857 556 910 617 cui
931 558 1045 617 nullus
1067 559 1223 646 φρόνιμος
1245 557 1325 642 ἀνὴρ
1348 555 1403 614 ob·

315 662 433 723 noxius
454 664 522 724 erit.
565 663 650 736 Quid
671 672 781 724 autem
802 664 1041 725 Antisthenes?
1062 665 1114 725 Ab
1129 666 1257 724 invidia
1271 680 1402 740 prorsus

316 786 349 828 se
385 768 531 829 alienum
566 769 728 846 praedicat
765 771 852 846 apud
888 770 1144 847 Xenophontem
1175 770 1208 830 in
1245 766 1403 830 Convivio

316 873 388 949 (IV.
421 873 489 953 43):
520 876 582 962 ἐγώ
604 904 635 941 τε
658 881 715 940 νῦν
738 872 840 941 οὐδενὶ
863 879 975 961 φθονῶ
998 873 1085 941 ἀλλὰ
1107 881 1184 942 πᾶσι
1206 884 1273 951 τοῖς
1296 873 1403 961 φίλοις

316 985 364 1046 καὶ
396 978 573 1047 ἐπιδεικνύω
600 981 658 1056 τὴν
681 985 842 1068 ἀφθονίαν
864 988 911 1048 καὶ
932 979 1118 1065 μεταδίδωμι
1144 986 1189 1068 τῷ
1210 978 1403 1068 βουλομένῳ

316 1092 371 1150 τοῦ
403 1089 436 1152 ἐν
467 1091 506 1174 τῇ
532 1089 589 1174 ἐμῇ
609 1090 700 1175 ψυχῇ
720 1087 865 1154 πλούτου
896 1123 937 1131 -
967 1088 1056 1147 idem
1077 1086 1155 1146 alibi
1177 1085 1255 1145 dicit
1276 1084 1403 1145 invidos

317 1193 465 1252 consumi
486 1192 610 1253 invidia
631 1192 679 1253 uti
701 1194 828 1254 ferrum
849 1192 1008 1269 rubigine.
1051 1195 1176 1279 φθόνος
1198 1191 1290 1264 inde,
1312 1189 1404 1249 cuius

317 1296 405 1358 vocis
436 1297 505 1357 vim
538 1298 569 1357 h.
602 1298 623 1358 l.
645 1303 719 1358 tum
740 1297 935 1374 conspicuus
957 1297 992 1357 in
1013 1297 1178 1374 pericopes
1199 1296 1291 1355 initio
1313 1296 1404 1354 locus

316 1408 389 1462 tum
421 1402 610 1478 conjunctio
643 1421 720 1463 cum
741 1404 860 1490 ἀμαθίᾳ
881 1403 1074 1477 intendunt,
1096 1404 1185 1462 haud
1206 1408 1328 1462 temere
1350 1419 1404 1459 ex·

317 1507 456 1585 plicatur
476 1514 633 1586 tanquam
655 1508 866 1585 opprobrium
888 1508 1011 1585 Cynico
1032 1511 1242 1568 conveniens.
1259 1508 1285 1588 ¹)

359 1614 480 1675 Itidem
501 1613 705 1691 interpretari
727 1614 826 1691 possis
842 1615 989 1691 proxime
1003 1614 1183 1693 sequentia:
1200 1614 1405 1700 ἀνθρώπινον

316 1725 372 1804 μὲν
394 1721 452 1787 οὖν
473 1750 502 1786 τι
522 1723 689 1796 πέπονθας
709 1719 728 1779 i.
745 1739 773 1780 e.
797 1720 950 1781 omnibus
972 1721 1041 1780 fere
1064 1719 1198 1779 omnino
1214 1719 1404 1779 mortalibus

317 1826 507 1901 conjunctio
548 1832 605 1892 τοῦ
649 1829 774 1913 φθόνου
819 1825 869 1893 καὶ
911 1837 967 1902 τῆς
1009 1830 1147 1911 ἀμαθίας
1188 1826 1315 1903 propria
1357 1831 1405 1885 est

318 1930 565 2018 (ἀνθρώπινον.)

360 2036 496 2098 Habetis
522 2038 672 2114 exempla
693 2040 854 2116 quaedam
875 2058 892 2098 e
914 2038 1033 2117 quibus
1056 2037 1178 2114 Cynica
1199 2034 1405 2098 declamatio-

318 2160 401 2200 num
433 2141 521 2216 origo
554 2143 642 2203 haud
666 2163 760 2220 aegre
783 2150 1011 2220 cognoscatur3
1033 2146 1075 2205 ad
1097 2164 1195 2223 quam
1217 2143 1279 2204 alia
1300 2144 1405 2203 multa

318 2246 451 2321 vestigia
472 2248 608 2308 ducunt.

359 2353 467 2412 Habet
489 2357 642 2430 utsupra
663 2355 805 2417 vidimus
826 2375 932 2417 sermo
944 2356 1148 2417 Antisthenis
1159 2374 1234 2417 suos
1245 2355 1404 2432 quosdam

319 2477 449 2533 nervos,
472 2477 565 2519 suam
585 2458 877 2524 acrimoniam.
911 2463 1067 2524 Consulto
1082 2462 1108 2523 is
1128 2461 1253 2540 quaerit
1269 2465 1404 2534 austera,

319 2565 448 2641 placent
469 2567 499 2624 ei
521 2572 614 2625 acute
640 2567 736 2642 dicta,
759 2588 841 2646 quae
860 2574 1012 2646 pungunt
1026 2568 1174 2628 animum
1190 2565 1336 2640 lectoris,
1351 2566 1404 2625 vel

319 2670 510 2746 necopinata
532 2673 672 2749 quadam
694 2673 818 2735 ratione
840 2694 991 2752 expressa
1002 2677 1176 2736 advertunt
1188 2675 1283 2735 etiam
1295 2673 1405 2733 minus

318 2782 494 2837 attentum:
526 2777 570 2838 ita
601 2797 731 2857 quoque
763 2780 816 2840 hic
848 2780 916 2841 illic
947 2799 1100 2857 agnoscas
1132 2781 1166 2840 in
1198 2778 1305 2868 verbis
1336 2784 1404 2839 tam

318 2881 427 2943 Aiacis
449 2901 547 2961 quam
569 2883 676 2945 Ulixis
686 2885 714 2963 ³)
736 2888 886 2963 exempla
908 2888 1067 2966 quaedam
1081 2886 1307 2947 amaritudinis
1327 2886 1406 2947 acri·

319 2988 522 3066 moniaequc,
544 3008 626 3067 quae
648 2994 796 3051 consulto
817 2993 946 3071 utrique
967 2994 1007 3053 ab
1029 2999 1158 3053 auctore
1175 2993 1323 3068 subjecta
1337 3011 1406 3052 esee

319 3092 483 3154 videntur.

359 3199 411 3259 Ai-
438 3198 469 3260 3:
504 3198 639 3278 δεδιότες
661 3200 753 3270 τόνδε
773 3206 831 3270 τὸν
853 3208 1014 3291 ἂγαθὸν
1042 3203 1141 3294 ἄνδρα
1168 3241 1205 3250 ·-
1229 3206 1330 3266 ironia
1351 3226 1409 3283 Pel·

352 3477 372 3544 ¹)
407 3482 465 3531 Jocl
477 3484 505 3534 ll.
524 3499 548 3548 p.
562 3487 620 3535 356:
632 3485 675 3535 (lic
693 3486 763 3535 Rede
774 3487 819 3535 des
831 3487 942 3550 kynisch
954 3487 1139 3538 becinflusstcn
1153 3491 1201 3539 Dio
1210 3491 1410 3554 chrysostomus

320 3571 376 3634 περὶ
394 3570 492 3625 φθόνον
511 3574 557 3636 (or.
575 3574 727 3640 LXXVII).
753 3578 909 3626 Ausscrdcm
927 3579 1016 3627 fiihrtc
1034 3579 1162 3643 Odysscus
1178 3583 1229 3630 den
1239 3583 1411 3632 Antisthenes

319 3661 438 3710 zwcimal
452 3649 510 3712 ὀοΐ
534 3665 582 3713 <las
610 3665 707 3715 Thema
731 3666 776 3716 des
800 3648 911 3732 φθόνοςε
939 3671 961 3717 l.
987 3669 1075 3718 iudcr
1091 3685 1142 3718 von
1160 3671 1214 3718 ihm
1232 3671 1409 3722 behandelten

320 3749 455 3800 Tradition
470 3753 535 3802 iiber
547 3754 598 3802 deu
611 3754 666 3803 Tod
674 3755 719 3804 des
733 3756 892 3816 Palamedes,
902 3759 925 3808 2.
944 3758 1353 3811 IndenStrcitdcsAi.u1ulOd.
1364 3764 1405 3812 12.

351 3837 371 3903 ²)
408 3841 488 3890 Blass.
511 3842 548 3903 11„
569 3858 593 3906 p.
616 3845 680 3894 ³4³:
714 3844 792 3894 Sonst
817 3845 853 3894 ist
876 3847 924 3895 der
942 3848 1080 3897 Ausdruck
1097 3849 1154 3899 hier
1170 3852 1226 3899 und
1242 3852 1276 3899 du
1293 3852 1411 3914 poetisch

319 3930 437 3991 gcfa‘rbt‚
461 3932 511 3982 wie
528 3934 662 3983 natiirlich
685 3935 726 3984 bci
748 3936 836 3985 cincm
857 3937 908 3986 don
935 3938 1062 3987 Dichtern
1085 3940 1242 3988 cntlchnten
1261 3939 1357 4000 etone,
1374 3940 1410 3988 im

320 4033 420 4079 gauzcn
443 4021 536 4083 jcdoch
558 4024 688 4072 durchaus
705 4025 812 4074 cinsach
829 4027 883 4074 und
901 4033 1000 4076 correct
1017 4029 1073 4076 und
1092 4028 1226 4089 lediglich,
1244 4043 1299 4079 uas
1315 4031 1410 4092 geradc

320 4124 351 4156 zu
370 4112 543 4162 Antisthenes
560 4114 674 4162 trefflich
692 4116 795 4163 etimmt
812 4117 964 4166 manchmal
980 4118 1146 4181 kritftigcr
1165 4120 1221 4167 und
1237 4119 1361 4168 derben
1379 4148 1411 4157 -

322 4197 467 4262 Exemplis,
485 4216 552 4262 quac
569 4204 682 4265 protulit
701 4205 790 4265 Blass,
808 4208 937 4256 nonnulla
953 4208 1045 4256 addidi
1062 4212 1207 4257 memoratu
1224 4210 1313 4270 digna.
1330 4211 1412 4271 Argu·

322 4292 439 4336 mentum
462 4290 561 4353 ipsum,
585 4293 617 4341 dc
643 4308 694 4355 quc
712 4295 852 4356 litigantes
868 4297 1033 4346 inducuntur
1049 4298 1192 4362 principes,
1210 4299 1236 4346 id
1253 4298 1366 4360 allicere,
1384 4305 1414 4348 ut

322 4379 461 4428 verborum
479 4384 564 4430 tenor
581 4383 724 4433 ruditatem
742 4388 770 4433 et
786 4386 957 4435 acerbitatem
976 4388 1084 4447 offerat,
1103 4402 1150 4451 per
1167 4403 1194 4437 sc
1211 4394 1330 4452 apparot.

1270 4480 1287 4539 7
