3458 5182
839 376 877 441 81

356 562 408 623 1οτ
431 562 515 650 ’έχων
536 563 575 627 τὰ
593 605 620 619 ··
639 561 725 628 ὅπλα
742 606 769 620 ··
788 569 835 628 καὶ
857 564 895 628 τὰ
917 559 997 647 ῥάκη
1015 604 1041 619 ··
1065 565 1112 626 καὶ
1135 561 1193 637 τὰς
1214 561 1381 645 μάστιγας·

356 667 412 730 12:
434 671 491 734 τὸν
512 669 652 753 μὲνγὰρ
674 665 852 734 ἀποδώσειν
869 711 896 724 ··
914 669 952 732 τὰ
975 664 1006 732 δὲ
1030 666 1116 733 ὅπλα
1138 664 1320 740 ἀναθήσειν·

355 775 393 839 ού
414 783 483 849 τοῖς
504 774 561 839 οὐκ
582 772 821 862 ἀναιρουμένοις
838 816 866 830 ··
884 771 971 837 ἀλλὰ
992 780 1062 846 τοῖς
1076 773 1117 854 μὴ
1134 767 1342 837 ἀποδιδοῦσιν
1361 804 1402 814 -

316 885 354 945 σὺ
374 885 431 963 μὲν
452 883 490 946 τὰ
512 881 617 962 έτοιμα
634 922 661 936 ··
680 882 742 966 ἐγὼ
765 877 797 945 δὲ
820 880 857 944 τὰ
880 875 1095 961 ὀνειδιζόμευα
1113 921 1139 934 ··

355 990 605 1077 παρονομασία,
645 989 865 1067 ὁμοιοτέλευτα
903 986 1051 1062 variique
1094 984 1268 1042 verborum
1310 982 1402 1041 lusus

316 1095 553 1152 inveniuntur:

356 1199 411 1259 Αἱ.
425 1197 461 1257 l:
484 1194 619 1270 δικάζετε
636 1239 663 1253 ··
682 1192 749 1270 δέκα
762 1191 918 1261 δικαστῶν
930 1182 971 1238 -’
985 1192 1004 1254 3
1017 1191 1127 1259 ἀποδῶ
1145 1236 1152 1249 ·
1166 1236 1172 1248 ·
1192 1188 1404 1257 ἀποδῶται-

317 1302 423 1379 δειλὸς
441 1345 468 1360 ··
486 1299 618 1368 δειλίαν·
789 1376 793 1382 .

357 1407 394 1469 5:
417 1405 583 1495 (διαφορὰ)
609 1449 636 1463 ··
662 1402 778 1493 διέφερε
799 1449 825 1462 ··
844 1402 978 1491 διαφέρει
989 1402 1059 1462 -7
1082 1402 1167 1487 λέγω
1185 1444 1212 1458 ··
1230 1401 1354 1488 λόγους
1371 1443 1398 1458 ··

315 1514 407 1602 λόγῳ
435 1556 462 1571 ··
491 1511 665 1597 ἀντιλέγειν
687 1511 866 1600 -ἀθρεῖτε
888 1515 936 1575 καὶ
961 1519 1102 1575 σκοπεῖτε
1126 1543 1165 1551 -
1188 1505 1225 1568 8:
1248 1508 1352 1593 λόγος
1371 1550 1397 1563 ··

315 1621 421 1704 λέγων
437 1660 465 1676 ··
481 1617 578 1704 λόγοι
596 1660 623 1674 ··
639 1612 790 1703 λέγονται
808 1659 835 1674 ··
853 1616 959 1703 λέγετε
974 1658 1001 1672 ··
1018 1615 1184 1702 λεγόμενα·

357 1721 518 1797 δικάζουσι
536 1766 563 1780 ··
583 1719 650 1798 δίκη
668 1764 695 1780 ··
714 1718 895 1787 δικάσωσιν·

358 1828 417 1889 Od.
441 1827 471 1888 l:
493 1828 596 1915 λόγος
615 1871 642 1886 ··
659 1828 765 1914 λέγων
783 1871 810 1885 ··
829 1826 943 1913 ’έλεγον
960 1860 1001 1870 -
1016 1825 1159 1900 ἀπαντας
1174 1868 1201 1883 ··
1218 1826 1354 1902 ἀπαυτες
1365 1859 1406 1868 -

357 1936 443 2017 ὑμεῖς
463 1977 490 1991 ··
512 1935 593 2016 ὑμᾶς
614 1977 641 1993 ··
662 1934 749 2018 ὑμεῖς
769 1976 797 1990 ··
818 1934 905 2015 ὑμῶν
926 1975 954 1988 ··
974 1933 1063 2014 ὑμῶν
1084 1930 1177 1992 -21
1201 1928 1353 1997 κινδύνων
1371 1974 1398 1988 ··

316 2037 475 2116 κινδύνοις
493 2081 520 2096 ··
538 2035 746 2105 ἐκινδύνευον·

308 2175 310 2179 ·
356 2149 535 2233 μαχοίμεθα
550 2189 577 2202 ··
593 2144 752 2234 ἀφίγμεθα
767 2178 808 2188 -
823 2141 1048 2229 ἀπολάβοιμεν
1065 2187 1092 2201 ··
1108 2143 1241 2226 ἕλοιμεν·

357 2249 378 2310 4
404 2251 525 2317 tacto..
541 2253 650 2339 εὑρεῖν·

359 2358 482 2441 έλοιμεν
511 2401 537 2415 ··
567 2357 736 2425 ἀνάλωτον
765 2400 792 2415 ··
821 2357 943 2423 ἁλῶναι
961 2400 988 2414 ··
1006 2356 1098 2422 ἑλεῖν·
1120 2390 1161 2400 -
1182 2355 1200 2415 7
1224 2357 1347 2439 άτρωτα
1371 2397 1398 2411 ··

318 2462 470 2551 ἄτρωτον·

358 2567 389 2630 82
413 2569 499 2636 ὅπλα
521 2570 599 2648 (ter)
618 2613 645 2626 ..
667 2569 796 2644 ἀοπλος
814 2612 841 2626 ··
861 2570 1030 2644 ὅπλοις-
1041 2578 1155 2655 τεῖχος,
1172 2572 1349 2647 quinquies
1364 2605 1405 2613 —

316 2674 480 2759 πολεμίων
501 2674 590 2752 (ter).

360 2781 554 2870 προσέλθοι·
567 2825 574 2839 ·
585 2784 736 2870 περιέρχῃ
752 2825 759 2838 ·
772 2825 779 2839 ·
792 2784 972 2870 εἰσέρχομαι
981 2787 1216 2848 -σκοπούσιν
1229 2783 1405 2850 σώσουσιν

359 2886 390 2946 93
411 2886 557 2971 μέλλοιμι
575 2931 602 2944 ··
620 2887 756 2971 ’έμελλον
774 2931 801 2945 ··
815 2888 1012 2972 μέλλοιμι-
1025 2884 1153 2976 δράσειν
1168 2888 1249 2966 (bis)
1269 2932 1296 2945 ··
1315 2885 1403 2976 δρᾶν·

358 2991 409 3051 ll:
433 2995 536 3080 φέρων
560 3037 587 3050 ··
613 2996 715 3081 φέρειν
740 3037 767 3051 ··
792 2994 989 3081 έφερέτην-
1002 2991 1227 3080 ἠμφισβήτουν
1245 3037 1272 3050 ··
1291 2992 1404 3079 ἀμφισ-

316 3097 441 3179 βητών·

359 3200 410 3262 13:
432 3204 570 3289 ἰσχυρός
588 3245 615 3259 ··
633 3206 764 3289 ἰσχῦσαι
774 3239 816 3247 -
828 3201 973 3292 ἀνδρεῖος
992 3247 1019 3260 ··
1034 3201 1162 3291 άνδρεέρ
1178 3237 1219 3247 -
1234 3202 1290 3264 14:
1305 3203 1405 3269 πολύ·

316 3307 436 3373 τλαντα
454 3351 480 3365 ··
497 3297 676 3390 πολύμητιν
694 3352 721 3366 ··
738 3308 983 3395 πολυμήχανον·

360 3516 585 3578 Memorabilis
607 3521 707 3577 etiam
729 3519 783 3578 hio
806 3520 876 3578 illio
898 3520 1075 3578 verborum
1097 3519 1176 3578 ordo
1198 3525 1260 3594 est,
1283 3523 1404 3598 quip'pe

319 3641 400 3700 quae
439 3628 551 3682 auctor
584 3626 628 3682 ita
661 3625 829 3683 interdum
862 3625 1085 3698 collocaverit,
1118 3630 1155 3683 ut
1186 3625 1278 3683 verbi
1311 3644 1406 3687 causa

318 3729 472 3801 verbum,
505 3729 594 3806 quod
627 3730 724 3789 habet
756 3731 935 3789 maximam
967 3733 1054 3803 vim,
1081 3732 1117 3789 in
1139 3729 1204 3789 fine
1227 3735 1406 3792 sententiae

318 3840 475 3910 ponatur3
489 3834 514 3912 ¹)
528 3837 575 3894 aio
591 3836 690 3893 etiam
706 3852 945 3912 nonnunquam
962 3836 1077 3895 sedulo
1093 3842 1282 3912 separantur
1293 3839 1406 3911 verba,

352 4101 374 4165 l)
411 4104 560 4152 Demetrius
582 4103 614 4152 (le
636 4104 732 4153 elocut.
750 4103 764 4168 ᾗ
782 4105 846 4153 249:
874 4105 1007 4165 normaton
1024 4104 1048 4155 δὲ
1067 4104 1210 4166 δεινότητός
1227 4107 1298 4158 ἐστιν
1315 4109 1356 4158 καὶ
1373 4111 1406 4158 τὸ

319 4192 371 4240 ἐπὶ
397 4191 479 4241 τέλει
506 4191 630 4241 τιθέναι
655 4192 690 4241 τὸ
715 4191 916 4243 δεινότατον·
947 4193 1203 4259 περιλαμβανόμενον
1224 4198 1273 4261 γάρ
1296 4197 1408 4262 ἐνμέσῳ

319 4279 487 4345 ἀμβλύνεται,
500 4281 616 4345 καθάπερ
628 4282 656 4330 τὸ
667 4279 853 4339 ἈντισθένουςΙ
868 4282 981 4346 σχεδὸν
998 4283 1056 4347 γὰρ
1074 4281 1221 4343 ὀδυνήσει
1238 4286 1405 4350 ἄνθρωπος

320 4369 350 4416 ἐκ
371 4371 537 4434 φρυγάνων
560 4369 713 4428 ἀναστάς.
732 4369 753 4419 εἰ
769 4373 817 4436 γὰρ
835 4373 1003 4436 μετασυνθεέη
1022 4371 1086 4422 οὕτω
1104 4392 1143 4432 τις
1160 4375 1233 4438 αὐτὸ,
1250 4376 1341 4441 σχεδὸν
1357 4380 1406 4444 γὰρ

1266 4465 1283 4525 6
