3458 5182
845 361 883 428 93

318 552 438 606 cuntur
464 550 495 604 et
522 544 635 605 stilum
662 545 770 622 ipsum
799 544 1025 624 rationemque*
1051 546 1197 623 dicendi,
1220 555 1257 609 ut
1277 550 1407 626 profite-

317 658 405 711 retur
426 670 467 710 ne
490 651 631 711 dubitari
653 650 787 728 quidem
809 650 905 710 licere
928 652 969 710 de
986 670 1062 710 vera
1076 651 1198 727 Oynica
1211 653 1344 729 origine.
1360 656 1384 734 ¹)

359 757 502 830 Primus,
524 762 684 834 quantum
707 755 816 827 video,
844 756 975 831 Deycks
997 758 1033 816 ll.
1055 758 1195 817 attendit
1216 760 1270 818 ad:

358 865 400 922 Αἱ
428 863 465 922 7:
498 865 560 949 ἐγὼ
591 867 648 945 μὲν
680 860 739 927 οὗν
769 862 841 944 ὑμῖν
924 862 966 921 cf.
995 861 1090 936 Diog.
1126 862 1230 924 Laert.
1263 865 1321 925 VI.
1350 864 1406 925 ll:

318 969 402 1055 λέγω
420 977 488 1044 τοῖς
508 964 599 1033 odito
611 963 706 1032 εἰδόσι
719 975 838 1055 κριταῖς
881 966 1011 1054 ἤρεσκεν
1044 968 1128 1054 αὐτῷ
1159 975 1207 1034 καὶ
1235 968 1325 1036 reihe:
1348 978 1406 1048 τήν

317 1078 365 1138 καὶ
398 1070 574 1148 δικασταῖς,
605 1074 647 1156 μὴ
681 1075 723 1147 εἰς
762 1076 838 1147 τοὺς
881 1100 911 1137 τε
940 1071 1053 1161 ἀρετὴν
1081 1078 1146 1139 τῶν
1177 1075 1280 1163 ἔργων
1311 1078 1405 1150 εἶναι,

317 1178 439 1264 λόγους
471 1187 600 1245 σκοπεῖν
633 1183 701 1266 περὶ
731 1179 842 1263 ἀρετῆς
882 1180 957 1261 μήτε
978 1178 1090 1264 λόγων
1116 1180 1275 1248 πλείστων
1302 1180 1405 1266 δεομέ-

317 1287 501 1372 κρῖνοντας,
535 1284 654 1359 ἆλλέἶς
694 1285 731 1349 τὰ
765 1284 841 1370 ἔργα
885 1313 942 1360 νην
973 1290 1048 1369 μήτε
1080 1289 1272 1369 μαθημάτων
1308 1325 1342 1333 -
1375 1297 1406 1350 et

315 1388 454 1472 μᾶλλον·
488 1395 535 1454 καὶ
564 1391 627 1478 γὰρ
655 1393 672 1455 ὁ
698 1389 842 1471 πόλεμος
883 1390 1135 1450 celeberrimum
1171 1394 1257 1452 illud
1292 1395 1405 1469 (Arist.

317 1495 355 1559 οὗ
377 1494 468 1581 λόγῳ
495 1499 629 1584 κρίνεται
655 1494 839 1582 ἀλλ’ἕργιρ·
884 1495 1026 1572 Meiaph.
1050 1497 1105 1557 IV.
1128 1496 1200 1574 29):
1221 1534 1262 1542 -
1276 1502 1317 1583 μὴ
1330 1501 1406 1566 εἶναι

317 1599 568 1687 οὐδ’ἇντιλέγειν
612 1599 711 1675 ’ἔξεστι
755 1605 838 1690 πρὸς
883 1601 1068 1688 ἀντιλέγειν·

316 1711 392 1784 τοὺς
407 1708 599 1792 πολεμίους,
622 1706 695 1772 ἀλλ’
709 1704 729 1783 ἢ
744 1734 843 1794 μαχο-

315 1817 430 1897 μένους
466 1823 587 1903 κρατεῖν
629 1812 647 1889 ἢ
681 1810 841 1879 δουλεύειν

316 1948 397 1986 olom
422 1962 430 1978 ·

358 1951 498 2097 Haiircce,
525 2044 624 2102 quam
646 2024 730 2084 inter
751 2043 785 2086 se
807 2024 925 2084 similia
948 2024 1022 2098 sint,
1047 2025 1213 2086 neminem
1235 2026 1336 2102 fugit,
1364 2047 1404 2086 ne

318 2131 517 2191 Muellerum
528 2131 556 2208 ⁹)
580 2130 729 2208 quidem,
752 2132 808 2191 sed
830 2149 871 2190 ne
890 2149 927 2189 eo
943 2136 1075 2204 cogatur
1090 2131 1247 2191 decedere
1266 2132 1405 2208 apriore

317 2237 491 2308 sententia,
515 2256 579 2314 qua
601 2242 777 2314 utrumque
799 2237 994 2314 opusculum
1016 2242 1173 2313 tanquam
1195 2236 1405 2298 subditioium

317 2345 537 2416 damnaverat,
559 2342 668 2419 inepte
690 2359 758 2401 esse
779 2342 900 2402 inserta
921 2342 1037 2400 haecce
1053 2341 1172 2402 iudicat
1188 2344 1228 2402 ab
1243 2342 1404 2402 imitatore

317 2447 438 2525 aliqum
478 2465 536 2506 cur
567 2453 678 2506 autem
707 2447 824 2507 haecce
857 2445 968 2522 inepte
1000 2446 1100 2507 inseri
1132 2446 1306 2507 videantur
1337 2467 1404 2507 non

317 2552 467 2629 explicat.

357 2659 433 2718 Non
455 2660 588 2729 desunt,
611 2656 730 2734 quibus
752 2657 836 2715 hanc
858 2655 1137 2716 ratiocinationem
1163 2656 1404 2733 impugnemus.

358 2763 506 2822 Primum
539 2761 616 2821 Aias
648 2761 714 2834 hic,
747 2765 783 2819 ut
806 2778 899 2836 saepe
921 2761 1016 2835 aliae,
1043 2765 1256 2850 τῇἐπιστὴμῃ
1278 2764 1404 2838 (eorum

317 2867 373 2944 qui
395 2873 491 2927 testes
513 2869 650 2926 fuerunt
672 2864 815 2944 virtutis)
838 2866 973 2941 opponit
994 2869 1052 2944 τὴν
1074 2865 1211 2945 δόξανθ)
1234 2868 1300 2943 (cui
1315 2870 1404 2929 obse·

317 2971 464 3051 quuntur
484 2973 611 3048 judices
633 2974 662 3037 oi
685 2968 778 3036 οὐδὲν
800 2968 944 3049 εἰδότες),
973 2972 1088 3032 itidem
1110 2981 1179 3050 τοῖς·
1201 2974 1309 3063 ἐ’ργοις
1329 2979 1405 3051 τοὺς

316 3080 440 3167 λόγους
473 3079 596 3158 (inania
627 3078 859 3153 intelliguntur
893 3078 996 3138 Ulixis
1017 3082 1130 3154 verba,
1163 3081 1282 3158 quibus
1304 3081 1403 3142 fidem

316 3187 485 3246 habebunt
505 3184 656 3262 judices),
667 3202 748 3261 quae
768 3183 848 3244 ratio
860 3203 936 3244 cum
948 3191 979 3244 et
992 3185 1169 3246 Socraticae
1180 3187 1404 3264 philosophiae

316 3297 348 3351 et
376 3290 504 3367 Cynicis
531 3289 660 3366 propria
686 3295 748 3362 est,
781 3289 878 3349 simul
911 3291 1031 3367 optime
1054 3293 1206 3353 convenit
1228 3293 1404 3370 Gorgianae

316 3397 493 3458 rhetorices
514 3395 672 3457 sectatori.
706 3391 931 3472 Oppositiones
946 3395 1034 3455 enim
1050 3396 1218 3471 eiusmodi,
1231 3406 1405 3476 quantum-

317 3503 366 3564 vis
387 3503 463 3564 satis
486 3521 678 3563 communes
699 3502 886 3574 videantur,
908 3500 1122 3561 Antisthenes
1144 3501 1213 3562 sine
1236 3503 1335 3563 dubio
1346 3504 1405 3564 im-

316 3613 432 3687 primis
456 3613 610 3684 magistro
632 3608 768 3683 Gorgiae
791 3608 905 3682 debuit
926 3642 967 3650 —
982 3613 1017 3666 ut
1033 3609 1090 3667 ille
1106 3610 1218 3668 crebro
1232 3613 1272 3668 iis
1289 3615 1403 3686 utitur,

317 3718 361 3774 ita
383 3717 438 3774 hio
461 3719 497 3774 in
520 3717 639 3775 nostris
662 3715 828 3791 opusculis
858 3715 1043 3785 identidem
1069 3733 1105 3774 ea
1125 3717 1269 3776 adhibet.
1280 3718 1307 3794 ⁴)
1351 3718 1404 3778 Sic

327 3899 555 3909 ————--

349 4013 368 4079 ¹)
403 4016 436 4066 of.
456 4015 538 4066 Blass.
556 4016 583 4064 ll.
600 4029 625 4078 p.
644 4016 691 4063 340
708 4030 745 4077 sq.
763 4020 790 4064 et
808 4017 888 4079 praef.
907 4017 940 4065 ad
957 4019 1020 4069 Ant.
1038 4018 1077 4068 orl.
1096 4019 1115 4068 l.

348 4104 369 4169 ²)
404 4106 516 4154 Mueller
533 4106 559 4154 ll.
578 4120 602 4168 p.
621 4107 660 4154 31.

348 4196 369 4258 ³)
403 4195 436 4245 ot.
460 4196 501 4242 31:
524 4195 582 4257 περὶ
605 4193 678 4254 δόξης
699 4196 740 4244 καὶ
758 4194 909 4260 ἐπιστήμης.
925 4223 957 4230 -
976 4196 1042 4245 Plat.
1061 4198 1121 4247 Olit.
1139 4213 1164 4260 p.
1183 4200 1229 4246 409
1249 4197 1404 4249 l}.-J0e1

316 4299 341 4346 p.
359 4287 414 4336 495.
433 4311 467 4320 -
484 4284 566 4335 Blasu.
583 4285 609 4335 ll.
627 4299 651 4347 p.
670 4285 726 4344 340,
744 4287 799 4337 343.

349 4373 370 4437 ⁴)
406 4374 446 4423 Αἰ.
466 4376 528 4423 1-7
547 4374 660 4439 (quater)
676 4403 709 4411 -
726 4377 741 4423 8
759 4391 781 4430 e.
792 4391 817 4438 q.
830 4391 849 4423 s.
