3458 5182
893 349 932 416 96

342 508 346 517 ¹
368 535 568 597 extrinsecus
595 535 799 596 imminentia
820 556 887 597 non
909 537 1038 604 metuit.
1064 536 1205 614 denique
1226 537 1305 616 quid
1329 537 1456 614 proprie

366 642 623 701 fundamentum
638 641 769 702 virtutis
784 645 882 702 tuae?
905 643 980 703 Non
995 642 1225 703 fortitudinem
1237 649 1273 703 tu
1287 643 1456 704 ostendisti

367 766 449 825 quae
480 746 639 820 virorum,
672 748 729 807 sed
754 747 921 808 saevitiam
943 766 1025 824 quae
1047 748 1194 808 ferarum
1217 753 1274 808 est.
1318 749 1368 807 Ex
1391 766 1455 826 qua

366 851 503 912 stultitia
533 850 593 911 tibi
615 853 740 911 malum
760 852 795 912 in
818 860 984 928 posterum
1006 855 1185 915 contrahes.
1229 854 1270 912 Et
1292 859 1455 930 postremo

366 957 458 1033 pueri
495 957 597 1017 instar
631 960 713 1017 bene
745 959 858 1019 audire
890 960 955 1033 vis,
986 961 1109 1020 famam
1142 961 1259 1033 solam,
1292 959 1455 1020 factorum

365 1069 499 1122 tuorum
521 1063 749 1138 praenuntiam
770 1065 985 1141 concupiscis,
1008 1085 1106 1143 quam
1127 1065 1255 1143 sapiens
1277 1064 1368 1125 flocci
1387 1083 1455 1123 non

366 1168 472 1228 habet.
526 1168 630 1242 Igitur
668 1173 700 1227 te
740 1174 772 1228 et
814 1169 1045 1231 stultissimum
1078 1177 1110 1231 et
1141 1169 1391 1246 ignavissimum
1423 1175 1455 1230 et

366 1279 506 1334 mortem
527 1275 580 1332 vel
603 1273 745 1334 maxime
766 1273 938 1335 timentem
958 1278 1097 1353 appello.

407 1380 496 1440 Nihil
518 1379 553 1439 in
575 1379 663 1441 hisce
685 1380 852 1456 omnibus,
875 1383 963 1459 quod
986 1401 1053 1442 non
1078 1401 1118 1442 ex
1140 1401 1271 1443 asse-
1292 1401 1359 1442 non
1382 1380 1454 1441 dico

367 1486 528 1562 Cynicum
558 1521 599 1530 -
629 1487 686 1547 sed
718 1485 816 1546 etiarn
848 1487 1118 1548 Antisthenicum
1150 1487 1199 1548 sit.
1243 1488 1311 1548 Nec
1344 1487 1454 1547 minus

367 1593 514 1652 eiusdem
545 1592 674 1652 scholae
705 1591 846 1667 rigidam
871 1592 1063 1670 sapientiam
1090 1594 1240 1654 redolent
1262 1613 1312 1668 ea,
1335 1592 1454 1671 quibus

367 1703 479 1758 monet
511 1697 623 1758 Ulixes
650 1717 749 1775 quam
780 1717 884 1776 aequo
917 1699 1024 1759 animo
1057 1698 1193 1759 infamia
1223 1704 1256 1759 et
1277 1698 1454 1759 obscuritas

365 1803 520 1863 terendae
540 1802 614 1862 sint.
631 1803 657 1881 ¹)
690 1802 769 1863 Plus
793 1802 894 1862 semel
915 1803 1004 1863 enirn
1026 1803 1194 1863 contendit
1209 1804 1364 1865 adversus
1379 1803 1454 1863 Aia-

366 1927 452 1979 cem,
475 1908 530 1984 qui
548 1907 583 1966 in
598 1908 686 1968 hisce
701 1908 828 1984 vulgari
844 1909 1018 1970 hominum
1032 1909 1202 1970 ambitioni
1218 1908 1380 1970 obnoxius
1396 1914 1453 1983 661,
1541 1928 1544 1933 ·

366 2015 497 2073 nullum
513 2013 647 2091 periculi
667 2033 770 2089 genus
793 2034 900 2094 neque
922 2016 1030 2076 ullum
1051 2017 1196 2077 officium
1223 2018 1453 2095 quodcumque

365 2125 413 2180 est
435 2139 492 2195 per
506 2139 539 2180 sa
551 2126 645 2196 turpe
658 2139 726 2181 6666
738 2140 846 2197 posse,
859 2123 1040 2181 dummodo
1052 2123 1177 2182 bonum
1189 2122 1229 2182 sit
1240 2121 1452 2198 propositum.

364 2227 486 2302 Aperte
519 2226 660 2285 declarat
691 2225 821 2287 virtutis
853 2227 957 2286 officia
989 2227 1016 2288 si
1037 2245 1258 2305 assequamur,
1282 2246 1343 2286 nec
1366 2225 1452 2287 servi

364 2337 504 2405 vestem,
536 2350 596 2390 neo
628 2330 770 2391 mendici
796 2351 920 2409 pannos
936 2330 1111 2423 :hominem
1133 2332 1290 2392 dedecere
1312 2367 1353 2376 -
1374 2351 1451 2392 nam

364 2437 484 2512 gloriae
505 2456 600 2498 causa
621 2437 793 2514 periclitari
807 2437 1001 2499 simulatoris
1017 2444 1073 2512 est,
1090 2438 1228 2513 dignitas
1244 2443 1302 2498 aut
1316 2437 1451 2498 ambitio

365 2541 447 2601 nihil
479 2543 520 2602 ad
552 2560 611 2602 nos
643 2541 821 2618 pertinent,
835 2542 863 2621 9)
895 2541 923 2602 si
954 2544 1080 2602 bonum
1106 2541 1257 2618 petimus.
1300 2542 1452 2603 Notanda

365 2665 494 2726 quoque
534 2652 696 2722 postrema
735 2644 840 2707 Ulixis
873 2646 1024 2708 orationis
1057 2665 1147 2723 pars:
1182 2649 1307 2732 φθόνον
1339 2645 1371 2714 δὲ
1404 2653 1452 2713 καὶ

364 2757 503 2837 ἀμαθίαν
535 2761 653 2827 νοσεῖς,
686 2756 789 2817 κακῶν
821 2754 1027 2818 ἐναντιώτατα
1060 2754 1184 2829 αὑτοῖς·
1219 2759 1266 2818 καὶ
1300 2759 1395 2837 ὁμέν
1418 2759 1451 2818 σὲ

364 2863 523 2943 ἐπιθυμεῖν
548 2867 627 2925 ποιεῖ
651 2862 716 2923 τῶν
738 2859 855 2931 καλῶν,
878 2861 896 2933 ἡ
920 2856 950 2925 δὲ
973 2862 1150 2946 ἀποτρέπει·
1193 2859 1276 2918 Ecce
1299 2860 1399 2918 verba
1420 2864 1452 2918 et

366 2964 502 3026 Socratis
525 2963 683 3039 discipulo
706 2962 804 3038 digna
825 2969 857 3022 et
878 2963 1011 3023 homine
1034 2963 1174 3039 Cynico!
1206 2965 1324 3024 Nonne
1342 2965 1452 3024 Socra-

363 3078 411 3132 tes
433 3071 643 3131 contenderat
664 3072 721 3135 τὸυ
743 3071 869 3155 φθόνου
890 3088 951 3129 nec
964 3069 1059 3129 amici
1075 3070 1292 3130 calamitatem
1306 3077 1451 3146 spectare

364 3196 424 3237 nec
455 3174 578 3235 inimici
611 3174 778 3234 fortunam
810 3175 866 3234 sed
899 3175 993 3235 amici
1026 3176 1194 3236 fortunam
1210 3178 1236 3255 8)
1257 3212 1298 3221 -
1320 3195 1452 3254 prorsus

395 3370 415 3435 l)
451 3371 525 3432 Diog.
542 3369 630 3419 Laert.
649 3369 699 3430 VI,
722 3370 767 3416 ll:
785 3367 834 3428 τήν
853 3386 879 3417 τε
897 3367 1003 3423 ἀδοξίαν
1020 3369 1122 3433 ἀγαθὸν
1139 3370 1180 3418 καί
1197 3370 1255 3419 ίσον
1272 3373 1309 3435 τῷ
1326 3369 1407 3434 πόνῳ.
1420 3397 1452 3406 -

363 3464 419 3510 Α11.
446 3462 513 3511 Dias.
541 3460 628 3523 Epict.
655 3459 681 3519 Ι,
709 3460 740 3507 24
766 3459 798 3508 de
825 3459 956 3521 Diogene,
981 3459 1056 3521 Diog.
1078 3459 1166 3510 Lacrt.
1184 3460 1235 3520 VI,
1254 3463 1299 3520 72,
1317 3461 1352 3510 ib.
1371 3462 1401 3509 83
1419 3461 1452 3509 de

364 3551 480 3600 Monimo
496 3551 531 3600 ib.
550 3552 580 3597 93
598 3550 630 3598 de
649 3549 765 3610 Cratetc,
775 3549 895 3597 indicant
907 3549 956 3597 hac
968 3549 996 3596 in
1009 3564 1036 3598 16
1049 3549 1160 3612 Cynicos
1172 3565 1263 3599 omnes
1275 3550 1446 3600 consensisse.

394 3638 414 3704 5)
449 3641 505 3689 Arr.
523 3639 610 3702 Epist.
629 3638 696 3688 Diss.
715 3637 766 3696 ΙΙΙ,
784 3639 824 3697 24,
843 3639 874 3685 67
884 3652 923 3700 sq:
942 3636 1130 3701 (Ἀντισθένης)
1149 3638 1243 3694 tritaet
1261 3658 1291 3704 με
1301 3641 1333 3688 τὰ
1342 3639 1390 3704 ἐμὰ
1408 3639 1450 3687 καί

362 3731 394 3779 τὰ
412 3729 457 3778 οὐκ
474 3729 533 3794 ἐμά·
544 3731 633 3788 κτῆσις
650 3727 695 3775 οὐκ
707 3725 762 3791 ἐμή·
781 3730 919 3791 συγγενεῖς,
933 3725 1028 3788 οἰκεῖοι,
1040 3727 1119 3791 φίλοι,
1132 3726 1223 3791 φήμη,
1235 3729 1354 3788 συνηθεῐς
1367 3727 1449 3788 τόποι,

362 3817 491 3883 διατριβὴ,
509 3818 597 3868 πάντα
614 3819 695 3867 ταῦτα
714 3814 753 3864 ὅτι
771 3814 904 3879 ἀλλότρια.

394 3908 414 3974 ⁸)
449 3910 517 3959 Xon.
535 3909 641 3958 Memor.
660 3907 711 3968 ΙΙΙ,
728 3908 751 3965 9,
770 3908 795 3954 8:
813 3906 912 3970 φθόνον
929 3904 959 3964 δὴ
977 3909 1090 3967 σκοπῶν,
1109 3904 1122 3954 t
1140 3926 1165 3956 τι
1182 3906 1230 3968 εἴη,
1248 3905 1334 3967 λύπην
1351 3904 1451 3956 τινά-

363 3999 437 4060 ὄντα,
456 3997 513 4047 οὔτε
528 3996 616 4061 μέντοι
633 3998 682 4056 τήν
700 3996 742 4044 ἐπὶ
760 3995 841 4059 φίλων
858 3994 980 4058 ἀτυχίαις
998 3994 1054 4043 οὔτε
1072 3994 1121 4054 τὴν
1139 3995 1181 4044 ἐπί
1204 3996 1304 4060 ἐχθρῶν
1321 3995 1451 4059 εὐτυχίαις
1500 4026 1501 4030 =

362 4088 526 4156 γιγνομένην,
546 4088 615 4137 ἀλλὰ
632 4088 726 4152 μόνους
744 4087 789 4151 ἔφη
806 4086 913 4150 φθονεῖν
930 4087 990 4143 τοὺς
1008 4086 1049 4134 ἐπί
1068 4090 1125 4144 ταῖς
1142 4089 1194 4135 τῶν
1208 4085 1288 4150 φίλων
1299 4083 1450 4149 εὐπραξίαις

362 4178 524 4244 ἀνιωμένους.
542 4205 573 4213 —-
590 4176 648 4225 Joel
665 4177 693 4225 ll.
710 4191 735 4238 p.
754 4176 809 4224 346.

393 4269 427 4318 cf.
442 4268 521 4315 Arist.
536 4266 612 4315 Rhct.
627 4266 653 4313 Il
665 4267 710 4313 10:
724 4264 824 4312 invidia
839 4268 879 4311 cst
888 4263 1008 4312 molestia
1015 4264 1143 4324 quaedam
1153 4279 1185 4312 cx
1195 4278 1224 4311 6ο
1233 4266 1371 4311 contracta
1379 4262 1450 4323 quod

361 4357 407 4404 alii
413 4357 511 4405 similes
516 4357 582 4404 116116
590 4370 621 4404 ac
629 4356 743 4404 feliciter
751 4368 804 4402 rem
814 4368 902 4415 gerere
911 4353 1061 4402 videantur.
1070 4354 1119 4416 (sic
1126 4354 1236 4401 Parsons
1244 4353 1273 4401 in
1283 4353 1345 4402 edit.
1351 4353 1448 4416 praef.)
