3458 5182
823 380 882 479 Ι45

317 563 492 624 mirificam
514 564 652 623 istorum
674 565 866 622 memoriam
884 565 984 635 nihili
999 564 1139 638 habens,
1154 569 1262 639 rogat:
1278 568 1407 624 nostine

317 677 368 745 tu,
400 671 457 748 qui
490 669 667 745 rhapsodos
698 672 765 727 tam
800 670 881 729 bene
903 688 1056 744 cognosse
1079 671 1216 743 videris,
1239 673 1407 731 nationem

318 781 488 856 rhapsodis
514 779 722 840 stultiorem?
738 778 764 856 ¹)
808 778 953 839 Mordaci
980 781 1078 839 hacce
1100 782 1290 857 quaestione
1312 777 1408 837 Nice-

318 890 407 945 ratus
428 902 559 962 prorsus
574 885 792 961 perturbatur.
828 884 914 944 Nam
929 887 990 945 etsi
1009 890 1112 944 semet
1128 887 1252 960 ipsum,
1274 885 1409 942 illorum

319 993 528 1050 institutione
549 991 734 1064 eruditum,
767 991 927 1051 stolidum
954 992 1068 1051 haberi
1094 993 1193 1061 nolit,
1216 990 1409 1049 Antistheni

320 1103 429 1157 autem
470 1115 538 1156 non
575 1098 725 1156 assentiri
767 1114 833 1156 non
876 1099 991 1173 possit,
1028 1115 1131 1174 quum
1163 1098 1204 1157 de
1239 1096 1410 1172 rhapsodis

320 1204 459 1262 eandem
479 1204 677 1263 sententiam
691 1202 790 1261 habet
806 1201 994 1276 Niceratus,
1009 1221 1109 1280 quam
1122 1208 1201 1261 tunc
1216 1219 1330 1261 omnes
1341 1201 1410 1260 fere

320 1311 472 1369 homines
492 1309 647 1368 cultiores
667 1307 833 1367 habebant
850 1307 972 1367 resistit
986 1314 1096 1368 tamen
1109 1309 1284 1384 paulisper,
1292 1308 1319 1386 ²)
1332 1312 1410 1367 atta-

322 1435 399 1476 men
411 1417 511 1474 sentit
523 1414 758 1473 Antisthenem
770 1416 841 1473 iure
853 1414 938 1472 hanc
950 1416 1175 1492 quaestionem
1187 1417 1410 1489 proposuisse:

322 1522 436 1598 Itaque
460 1523 495 1581 in
516 1522 682 1594 angustias
706 1520 866 1579 adductus
888 1538 955 1578 non
977 1523 1096 1596 potest,
1117 1522 1198 1596 quin
1217 1521 1412 1580 assentiatur

321 1625 561 1704 Antisthenii).
596 1625 742 1685 Socrates
764 1643 895 1703 quoque
920 1624 1129 1685 Antisthenis
1154 1623 1279 1690 iudicio
1297 1625 1411 1685 suffra·

321 1738 424 1807 gatur,
440 1731 640 1791 sedcausam
655 1731 760 1802 addit,
782 1731 918 1791 tortasse
939 1732 1029 1791 haud
1051 1733 1122 1790 sine
1144 1730 1249 1791 ironia
1270 1731 1411 1808 quadam

322 1837 498 1898 observans
519 1839 575 1897 hic
598 1857 665 1897 non
681 1841 793 1914 quaeri
805 1840 846 1898 de
858 1839 1033 1897 verborum
1046 1855 1143 1898 sensu
1155 1839 1287 1912 vulgato
1302 1838 1359 1896 sed
1372 1839 1412 1896 de

258 1995 261 2002 .
322 1941 489 2018 ὑπονοίαις
501 1944 627 2003 occulta
638 1962 794 2004 versuum
803 1943 1056 2018 significatione3
1066 1943 1093 2020 ⁴)
1103 1944 1212 2003 verbis
1220 1945 1300 2003 suis:
1313 1939 1413 2018 δῆλον

322 2049 385 2135 γάρ
402 2052 637 2116 ...ἐπίστανται
652 2068 760 2110 coram
776 2051 990 2122 Antisthene,
1006 2050 1114 2126 palam
1127 2051 1269 2110 declarat
1282 2049 1413 2109 Nicera-

322 2160 410 2227 tum,
439 2156 568 2214 etiamsi
596 2157 774 2231 rhapsodos
798 2156 977 2231 praeclaros
1002 2156 1138 2232 quidem
1160 2154 1413 2215 Homericorum

323 2265 545 2335 praeceptores
567 2261 732 2334 habuerit,
754 2262 925 2320 tamenab
947 2260 1016 2320 illis
1037 2272 1158 2319 rectam
1174 2263 1413 2336 interpretatio-

324 2382 400 2422 nem
432 2383 499 2424 non
532 2365 697 2425 didicisse.
740 2363 827 2424 Luce
860 2366 979 2425 clarius
1003 2373 1051 2426 est
1072 2367 1158 2427 hanc
1180 2367 1222 2426 de
1243 2366 1414 2442 rhapsodis

324 2473 520 2530 sententiam
552 2471 764 2530 Antisthenis
794 2490 888 2531 causa
914 2473 1088 2548 protulisse
1111 2471 1286 2531 Socratem.
1329 2470 1414 2530 Nam

324 2594 524 2653 quamquam
556 2579 592 2635 in
625 2576 705 2636 lone
738 2579 857 2653 apertis
883 2579 991 2638 verbis
1013 2579 1053 2637 de
1075 2578 1247 2653 rhapsodis
1269 2576 1415 2636 Socrates

325 2682 472 2741 Platonis
492 2688 645 2742 testatur:
659 2717 700 2726 -
712 2687 761 2747 καὶ
772 2685 830 2759 τὴν
842 2687 956 2749 τούτου
969 2683 1136 2762 (Homeri)
1150 2680 1291 2749 διάνοιαν
1306 2685 1413 2767 ἐκμαν-

325 2790 449 2861 θάνειν,
474 2794 513 2873 μὴ
534 2792 636 2873 μόνον
657 2790 695 2854 τὰ
719 2788 786 2866 ἔπη,
809 2789 956 2864 ζηλωτόν
977 2792 1077 2856 ἐστιν·
1100 2792 1139 2854 οὐ
1157 2791 1221 2875 γὰρ
1237 2788 1276 2855 ἂν
1290 2791 1416 2876 γένοιτό

324 2923 400 2960 ποτε
421 2891 583 2980 ῥαψῳδὸς,
609 2897 633 2958 εί
648 2898 689 2976 μὴ
707 2893 813 2971 συνείη
828 2895 865 2960 τὰ
881 2894 1038 2981 λεγόμενα
1052 2898 1114 2963 ὑπὸ
1129 2903 1185 2961 τοῦ
1199 2902 1345 2972 ποιητοῦ,
1361 2896 1415 2954 hic
1511 2902 1513 2906 ’

325 3006 493 3079 praesente
515 3000 728 3074 Antisthene,
756 3001 935 3061 celebratae
957 3020 1070 3062 eorum
1092 3004 1153 3061 arti
1176 3004 1222 3061 ita
1244 3003 1415 3074 obtrectat,

326 3114 363 3167 ut
384 3107 467 3184 quid
488 3107 550 3165 sibi
574 3107 698 3165 vellent
720 3106 895 3167 Homerica
910 3111 1054 3167 carmina
1068 3108 1121 3166 vel
1137 3111 1225 3183 ipsos
1238 3109 1416 3182 rhapsodcs

326 3213 459 3273 latuisse
475 3212 626 3272 declaret.
643 3212 744 3272 Docet
759 3215 861 3287 igitur
875 3232 934 3274 nos
946 3214 1130 3290 Xenophon
1142 3215 1169 3293 δ)
1182 3214 1416 3273 Antisthenem

360 3400 382 3465 ¹)
417 3403 446 3453 ll.
471 3403 548 3454 οἶσθά
570 3423 594 3454 τι
616 3405 662 3453 οὖν
683 3405 767 3465 ἔθνος,
791 3404 845 3470 ἔφη,
866 3403 1033 3466 ἠλιθιώτερον
1050 3402 1187 3469 ῥαψῳδῶν,
1205 3431 1238 3439 -
1255 3405 1289 3454 cl.
1308 3406 1417 3459 Memor.

327 3493 377 3553 IV,
395 3495 409 3540 2
428 3495 469 3543 10:
488 3495 616 3558 rosr'yap
634 3491 771 3559 ῥαψῳδοὺς
789 3492 844 3541 οἶδα
860 3494 907 3558 μὲν
924 3494 974 3554 ἔπη
991 3493 1175 3558 ἀκριβοῦντας,
1195 3495 1291 3553 αὐτοὺς
1311 3495 1336 3544 δὲ
1347 3495 1417 3545 πάνυ

328 3581 446 3643 ἠλιθίους
465 3583 553 3641 ὄντας.

362 3670 387 3735 ¹)
423 3673 520 3721 Passim
538 3674 567 3721 111
586 3673 702 3721 Platonis
716 3677 742 3721 et
761 3672 945 3735 Xenophontis
956 3671 1061 3735 scriptis
1070 3671 1259 3735 rhapsodorum
1268 3678 1418 3723 contemtus

329 3762 422 3825 patefit
439 3790 471 3800 ·-
488 3763 522 3812 cf.
541 3763 597 3812 Ion.
617 3762 734 3825 Euthyd.
752 3762 860 3811 Memor.
879 3761 907 3810 ll.
925 3760 1057 3810 Duemml.
1074 3762 1147 3821 Ant,
1164 3776 1190 3824 p.
1199 3761 1238 3822 sl,
1257 3762 1418 3811 3111111111

329 3867 355 3916 p.
373 3853 429 3902 396.

362 3939 385 4003 ³)
419 3941 450 3991 οὐ
466 3944 503 4007 μὰ
520 3943 566 3992 τὸν
582 3939 620 3990 Δΐ
637 3941 682 4007 ἔφη
701 3941 714 3990 ὁ
731 3940 886 4005 Νικήρατος,
905 3940 997 3990 οὔκουν
1013 3941 1096 4006 ἔμοιγε
1112 3939 1187 3990 δοκεῖ.
1201 3968 1235 3976 -

362 4029 386 4093 ⁴)
421 4032 509 4093 Δῆλον
526 4031 584 4097 γάρ,
602 4032 648 4096 ἔφη
668 4029 680 4078 ὁ
699 4029 845 4094 Σωκράτης,
863 4027 903 4078 ὅτι
920 4029 967 4086 τὰς
985 4028 1111 4088 ὑπονοίας
1128 4030 1173 4079 οὐκ
1190 4029 1351 4081 ἐπίστανται.

362 4119 386 4182 ⁵)
421 4121 523 4169 Urban:
531 4121 618 4169 Ueber
625 4120 651 4170 d.
662 4119 866 4180 Erwahnungen
875 4119 921 4167 der
932 4119 1024 4167 Philos.
1033 4118 1059 4167 d.
1068 4121 1131 4168 Ant.
1140 4118 1186 4185 ild.
1197 4120 1265 4169 Plat.
1275 4122 1418 4182 Schriften,

331 4225 356 4274 p.
374 4212 416 4258 28:
444 4209 511 4258 Eine
537 4210 622 4258 solche
647 4211 813 4271 Aeusserung
837 4209 904 4257 wird
921 4209 1070 4272 Xenophon
1087 4209 1131 4258 bei
1147 4211 1321 4260 Antisthenes
1337 4212 1418 4261 selbst

331 4302 435 4364 gelesen
452 4300 549 4359 haben,
566 4301 613 4348 auf
625 4300 766 4348 denselben
779 4298 868 4346 Punkt
879 4298 981 4347 scheint
992 4298 1048 4347 sich
1060 4298 1136 4348 Plato
1147 4299 1190 4348 bei
1202 4299 1250 4348 lon
1262 4314 1287 4364 p.
1300 4302 1347 4349 530
1357 4302 1386 4350 B.
1398 4302 1418 4350 O

334 4392 386 4439 und
404 4393 432 4438 in
449 4392 494 4439 der
512 4390 642 4453 Republik
658 4405 684 4452 p.
701 4391 749 4438 378
767 4389 791 4436 D
807 4404 840 4436 cu
856 4389 988 4438 beziehen.
