3458 5182
861 353 900 416 94

337 557 404 597 nen
435 536 572 595 fortuita
598 541 645 594 est
674 535 871 595 creberrima
902 536 960 595 illa
992 539 1154 612 oppositio
1186 539 1363 598 verborum
1391 545 1422 599 et

336 645 513 715 factorum,
545 659 651 718 neque
682 640 768 700 iacta
799 647 855 701 aut
888 661 983 718 opera
1011 643 1092 716 sela,
1126 643 1182 702 sed
1205 661 1288 719 quae
1311 644 1419 731 ἀγαθὰ

337 754 427 822 611111,
460 747 747 819 commendantur,
781 749 876 812 κακόν
907 775 936 812 τι
965 745 1044 836 39512
1070 751 1299 825 impugnatur,
1331 754 1367 816 τὸ
1389 750 1421 816 εὖ

336 855 482 942 πράσσειν
503 853 662 912 laudatur.
676 852 701 930 1)
735 851 853 935 ἀμαθία
876 858 907 911 61
929 855 1085 938 φρόνησις
1113 857 1264 915 notiones
1292 858 1421 932 quoties

336 961 525 1019 recurrunt!
574 957 678 1028 Quam
709 957 796 1032 juste
828 976 955 1034 semper
986 966 1087 1033 agunt
1114 963 1143 1024 ei
1167 957 1300 1036 εἰδότες,
1323 980 1421 1038 quam

337 1084 434 1142 prave
461 1069 572 1123 centra
600 1067 629 1127 oi
658 1065 700 1146 μὴ
723 1065 933 1147 ἐπιστάμενοι,
967 1067 1024 1141 qui
1052 1069 1137 1124 recte
1159 1065 1266 1124 facere
1288 1085 1330 1126 ne
1352 1084 1422 1142 pes-

337 1175 413 1229 sunt
435 1170 585 1247 quidem,
608 1171 706 1227 etiam
729 1170 755 1228 si
778 1170 900 1227 velint!
934 1168 1020 1227 Nam
1036 1173 1053 1233 ὁ
1071 1169 1196 1252 ἀμαθὴς
1213 1173 1326 1244 nescit,
1339 1172 1422 1248 quid

336 1276 400 1335 sibi
422 1277 547 1334 benum
569 1276 620 1333 sit.
650 1273 772 1349 Operae
794 1276 937 1349 pretium
957 1280 1004 1334 est
1021 1275 1099 1334 haec
1116 1279 1297 1336 accuratius
1309 1280 1421 1353 paucis

337 1382 491 1440 indicare.
524 1381 595 1439 Iam
617 1382 654 1437 in
676 1381 747 1455 ipse
770 1381 925 1438 emtionis
948 1397 1023 1440 suae
1045 1382 1179 1440 exordio
1200 1381 1279 1441 Aias
1295 1383 1421 1443 indices

337 1488 453 1547 stultos
475 1486 637 1562 appellare
659 1485 757 1544 audet
779 1481 886 1559 (οὐδὲν
909 1481 1037 1560 εἰδότες·
1051 1529 1057 1543 ·
1071 1531 1078 1543 ·
1092 1489 1163 1552 ,οὐκ
1183 1487 1263 1565 iere)
1289 1506 1358 1562 eos,
1380 1489 1420 1547 ad

337 1611 476 1671 querum
509 1591 655 1650 tribunal
681 1608 771 1649 nune
793 1593 964 1666 precessit,
991 1591 1150 1652 discernit
1171 1611 1189 1652 a
1212 1596 1333 1652 severis
1355 1594 1422 1668 jus-

335 1702 443 1775 tisque
469 1700 613 1769 arbitris,
647 1714 751 1772 quum
781 1714 859 1754 mex
886 1696 1062 1755 verberum
1084 1696 1208 1772 (Ulixis
1230 1708 1288 1775 sc.)
1312 1701 1421 1774 speeie

337 1806 494 1864 occaecati
510 1805 544 1861 in
561 1804 645 1861 iuste
657 1802 832 1860 iudicaturi
846 1804 912 1860 sint
928 1802 969 1860 de
985 1805 1117 1876 virtute,
1133 1821 1232 1880 quam
1252 1806 1422 1863 aestimare

336 1931 412 1970 vera
433 1912 558 1969 ratione
580 1910 741 1977 nesciant,
770 1907 809 1966 de
831 1908 927 1967 iactis
949 1909 1133 1982 decernant,
1157 1927 1238 1986 quae
1261 1912 1420 1984 ignorent.

337 2019 491 2105 φρόνησις
514 2020 545 2073 et
568 2015 684 2097 ἀμαθία
707 2014 827 2087 pariter
849 2015 936 2071 inter
956 2031 989 2072 se
1012 2020 1225 2090 opponuntur
1244 2035 1281 2075 ac
1297 2016 1373 2103 ἔργα
1389 2021 1421 2075 61

336 2124 442 2210 λόγοι.
475 2119 592 2179 Merite
614 2118 670 2178 sed
692 2117 813 2176 frustra
835 2135 888 2176 ees
909 2119 1076 2179 admonet:
1109 2119 1205 2180 Facta
1221 2120 1420 2180 considerate

336 2248 403 2288 11011
425 2227 537 2297 verba,
560 2229 629 2310 περὶ
652 2222 761 2310 ἀρετῆς
777 2227 991 2309 κρίνοντες-
1009 2225 1168 2283 attendite
1183 2226 1224 2284 ad
1239 2243 1289 2285 res
1301 2231 1420 2300 gestae,

337 2333 456 2411 quibus
477 2329 597 2406 glorior
618 2330 680 2400 vel,
703 2327 729 2387 si
751 2328 883 2387 fortuna
905 2329 1040 2387 adversa
1061 2327 1175 2412 fuerit,
1201 2329 1337 2404 cogitate
1356 2348 1420 2389 ser-

336 2442 475 2498 vitutem
499 2438 596 2496 tacite
619 2436 703 2494 mihi
715 2434 917 2493 tolerandam
930 2434 1048 2506 fuisse,
1064 2436 1128 2492 iam
1145 2436 1309 2519 γνώσεσθε
1323 2437 1421 2494 rerba

336 2546 377 2605 ad
398 2544 483 2603 faeta
504 2542 552 2600 nil
575 2541 693 2599 valere,
724 2540 797 2611 Vir,
820 2541 877 2616 qui
900 2539 1046 2616 loquitur
1067 2544 1211 2613 tantum,
1237 2540 1329 2601 vobis
1354 2560 1420 2600 nen

336 2648 480 2725 prodest,
512 2645 668 2704 videbitis
701 2644 849 2724 (εἴσεσθε)
882 2647 1003 2705 multos
1035 2665 1071 2705 ac
1104 2647 1217 2721 longos
1254 2665 1420 2707 sermones

336 2754 448 2813 haberi
481 2752 583 2810 solere
606 2751 647 2808 ob
673 2750 817 2825 inopiam
842 2750 1004 2811 factorum
1026 2750 1219 2841 (dr'r'rrropr‘av
1241 2754 1358 2843 ἔργων)
1380 2789 1421 2798 -

336 2878 353 2918 e
369 2860 489 2935 quibus
505 2857 584 2934 quid
600 2855 755 2929 efficitur,
770 2858 798 2914 si
811 2875 877 2915 nen
889 2860 1045 2933 prohetia,
1059 2877 1140 2936 quae
1153 2860 1335 2919 admonui?
1354 2861 1417 2919 Vos

337 2965 454 3049 ἀμαθίᾳ
477 2968 509 3021 61
531 2966 646 3048 ἂγνοίᾳ
666 2960 799 3020 affectes
825 2979 902 3022 esse.
931 2962 1056 3022 idcirco
1080 2970 1211 3040 prepter
1224 2964 1419 3040 imperitiam
1509 2991 1511 2994 ·

336 3089 402 3129 non
424 3067 603 3141 intelligitis
625 3084 706 3144 quae
729 3066 895 3126 dicuntur:
911 3074 1058 3144 reputate
1069 3069 1161 3128 vebis
1173 3069 1268 3128 etiam
1281 3089 1419 3146 poenam

336 3194 403 3236 esse
437 3174 593 3246 dandam,
626 3172 651 3231 si
674 3171 829 3232 errabitis.
873 3172 1091 3248 Cognoscatis‚
1115 3193 1251 3251 quaese,
1274 3194 1331 3235 ves
1353 3195 1419 3235 non

336 3282 447 3341 sedere
469 3285 624 3356 tanquam
647 3277 769 3337 iudices
793 3276 946 3365 (κριτάς),
964 3281 1035 3363 Ι6611
1067 3285 1224 3357 tanquam
1253 3280 1418 3355 1101011166,

336 3386 391 3464 qui
413 3384 581 3461 opiniones
603 3385 687 3443 solas
708 3384 829 3443 habent
852 3381 1042 3461 (δοξασταίκ

376 3491 533 3551 Maiorem
555 3489 623 3548 vim
647 3495 685 3574 τῇ
707 3492 859 3576 ἐπιστήμη
885 3489 998 3550 Ulixes
1019 3491 1073 3549 dat
1085 3496 1121 3549 ut
1145 3503 1200 3566 τῆς
1216 3491 1325 3579 ἀρετῆς
1343 3510 1419 3551 vere

334 3599 432 3671 fonti,
465 3596 611 3656 acerbius
637 3598 695 3671 τὴν
723 3599 860 3678 ἀμαθίαν
880 3594 1085 3654 abominatur
1115 3598 1154 3654 ab
1178 3596 1266 3655 omni
1288 3615 1418 3672 prorsus

334 3704 464 3787 virtute
485 3707 651 3761 remotam.
697 3702 761 3773 Tu,
783 3706 890 3775 rogat,
913 3699 990 3760 Aias
1011 3719 1118 3760 coram
1142 3719 1194 3760 me
1216 3708 1284 3789 περὶ
1307 3707 1418 3791 ἀρετῆς

366 3905 384 3965 ¹)
420 3906 466 3955 Od.
486 3905 513 3962 1,
531 3907 558 3965 5,
577 3906 603 3965 6,
621 3907 649 3965 7,
668 3906 690 3955 9.
708 3931 741 3939 -
757 3904 799 3954 Αἱ.
817 3905 844 3963 2,
863 3907 885 3952 5.
904 3930 936 3940 -
955 3904 1000 3954 Od.
1020 3908 1046 3966 l,
1064 3908 1092 3964 5,
1111 3906 1139 3964 6,
1158 3907 1172 3952 9
1190 3910 1238 3955 eet.

365 3997 399 4048 ci.
424 3997 498 4058 Diog.
520 3995 607 4046 Laert,
625 3994 671 4042 VI.
689 3997 712 4041 5.
729 4020 761 4027 —
778 3992 840 4040 Ant.
860 3992 1044 4057 ἐπαινούμενός
1067 4012 1128 4043 ποτε
1146 3993 1199 4043 ὑπὸ
1217 4001 1340 4058 πονηρῶν
1357 3998 1415 4063 ἔφη·

332 4085 432 4152 ἀγωνιῶ
449 4086 483 4150 μή
502 4103 526 4134 τι
543 4085 621 4133 κακὸν
635 4083 775 4148 εἴργασμαι.

364 4176 398 4226 ci.
415 4175 569 4225 Winckelm.
595 4174 689 4235 fragm.
714 4188 741 4235 p.
766 4175 805 4233 35,
831 4173 856 4221 4:
883 4171 1047 4235 Ἀντισθένης
1072 4202 1102 4210 -
1124 4176 1232 4240 νομίσας
1250 4175 1416 4242 ἰσχυροτέραν

331 4267 395 4314 εἶναι
421 4265 505 4324 πάσης
531 4267 577 4323 τῆς
603 4262 643 4311 διὰ
668 4262 752 4328 λόγων
769 4261 920 4328 ἀντιλογίας
937 4269 987 4324 τῆν
1003 4262 1043 4312 διὰ
1062 4269 1114 4314 τῶν
1131 4266 1210 4329 ἔργων
1228 4265 1365 4323 ἀπόδειξιν.
1385 4295 1414 4302 --

331 4353 365 4402 cf.
383 4353 486 4401 ι106111.
505 4368 529 4415 p.
547 4354 602 4401 535.
