3458 5182
849 374 888 444 84

325 563 422 624 multi
437 569 473 624 ut
488 563 574 639 dixi,
590 569 735 624 auctores
749 566 773 643 ¹)
785 564 1038 641 descripserunt,
1051 584 1214 627 summam
1225 567 1358 646 quidem
1370 585 1412 626 ex

326 672 468 732 Homero
493 671 694 748 petiverunt,
716 673 773 730 sed
795 674 882 730 varie
904 671 937 730 in
958 690 1029 730 rem
1050 690 1143 733 suam
1165 673 1285 748 singuli
1307 677 1411 732 muta-

326 782 443 836 verunt
464 781 519 836 aut
540 778 667 852 copiose
689 777 938 835 adornaverunt.
973 776 1041 851 Sic,
1057 782 1093 837 ut
1104 780 1295 856 exemplum
1307 783 1411 837 muta-

324 886 424 943 tionis
456 883 620 959 quoddam
652 880 801 953 afferam,
834 899 938 958 quum
970 881 1133 943 Homerus
1166 902 1212 947 vs.
1245 881 1303 943 545
1325 881 1411 942 filios

324 987 542 1063 Troianorum
558 993 590 1046 et
606 987 790 1046 Minervam
804 988 929 1048 iudices
941 1006 1009 1048 esse
1021 990 1178 1048 voluisset
1190 989 1231 1048 ad
1245 1007 1334 1047 arma
1345 988 1411 1048 dis·
1435 1015 1437 1019 ⁴

324 1094 499 1166 cernenda,
533 1093 671 1153 Lesehes
692 1093 720 1170 ²)
753 1095 789 1152 in
821 1111 921 1168 parva
954 1093 1057 1152 Iliade
1083 1092 1240 1168 Trojanas
1265 1095 1411 1168 virgines

324 1199 493 1260 coustituit
514 1200 659 1272 iudices,
681 1199 840 1259 Pindarus
851 1200 878 1278 ³)
893 1199 1036 1273 Danaos,
1053 1198 1268 1276 Sophocles)
1281 1198 1410 1258 Atridas

323 1305 425 1366 fuisse
448 1307 573 1365 iudices
595 1303 695 1378 dixit,
716 1305 901 1380 Aeschylus
912 1305 939 1383 ⁶)
961 1304 1129 1366 Nereides.
1163 1303 1283 1363 Itidem
1294 1303 1328 1362 in
1339 1303 1410 1363 aliis

323 1428 453 1487 quoque
475 1413 562 1470 inter
583 1428 616 1470 se
638 1411 821 1488 discrepant
841 1417 997 1472 auctores.

365 1515 548 1590 Orationes,
581 1517 698 1594 quibus
719 1536 736 1576 a
758 1517 904 1592 Diogene
927 1515 1053 1577 Laertio
1075 1534 1196 1575 nomen
1218 1515 1409 1590 impositum

323 1625 390 1680 erat
430 1621 650 1695 Antisthenis,
691 1628 781 1694 sunt,
816 1629 853 1682 ut
888 1623 1049 1696 vidimus,
1086 1622 1337 1682 declamationes
1368 1620 1409 1679 ad
1448 1690 1450 1693 ¹

322 1726 538 1787 imitationem
566 1727 645 1801 fori,
678 1745 834 1803 egenere
858 1727 1002 1788 iudiciali
1029 1727 1135 1797 fictam
1162 1728 1246 1787 hanc
1267 1728 1408 1786 formam

321 1851 388 1891 non
410 1834 536 1893 obstare
557 1832 714 1907 genuitati
727 1833 755 1909 6)
776 1833 842 1893 iam
861 1851 958 1909 supra
974 1833 1189 1909 ostendimus,
1206 1851 1283 1892 nam
1298 1831 1408 1891 Antis·

321 1939 436 2000 thenes
452 1938 669 2015 sophistarum
683 1940 826 2018 aequalis
838 1958 874 2000 ac
886 1939 1027 2015 diligens
1039 1938 1219 2015 discipulus
1231 1937 1305 1998 ficta
1316 1956 1407 1998 accu-

320 2044 451 2106 sationis
476 2064 512 2105 ac
537 2045 736 2107 defensionis
758 2045 935 2122 specimina
956 2046 1102 2122 profecto
1123 2063 1142 2104 a
1163 2043 1323 2119 magistris
1342 2042 1408 2104 illis

320 2151 490 2210 desumere
512 2151 672 2231 potuit,⁷)
693 2153 770 2211 inde
792 2170 1000 2229 nequaquam
1022 2149 1216 2222 Quintiliani
1240 2150 1281 2208 de
1302 2149 1407 2208 decla·

321 2255 518 2316 mationibus
544 2256 701 2317 eiusmodi
721 2256 818 2316 nimis
838 2261 925 2316 certo
945 2255 1066 2315 iudicio
1084 2250 1164 2317 fides
1182 2256 1332 2315 habenda
1349 2260 1406 2314 est.

360 2361 478 2421 Forma
510 2381 546 2421 ea
577 2363 763 2435 iudicialis,
791 2381 855 2439 qno
887 2363 1060 2422 referenda
1091 2364 1147 2435 sit,
1175 2379 1264 2421 nunc
1286 2364 1407 2420 iterum

351 2676 373 2740 ¹)
408 2679 543 2728 Arotinus:
563 2677 680 2737 Αἰθιοπίς
697 2693 728 2715 -·-
749 2678 869 2728 Lesches:
882 2677 972 2738 ’Ἰλιὰς
989 2681 1065 2745 μικρά
1082 2708 1114 2715 -
1132 2680 1288 2743 Aeschylus:
1300 2678 1408 2729 ’Όπλων

316 2771 395 2834 κρίσις
420 2797 451 2806 -
478 2770 606 2818 Pacuvius
632 2773 659 2818 et
677 2769 782 2817 Attius:
811 2772 949 2817 Armorum
970 2770 1096 2818 iudicium
1122 2797 1154 2804 —
1182 2769 1295 2825 Quintus
1322 2770 1407 2832 Smyr·

316 2875 408 2909 naeus:
435 2860 626 2909 Posthomerica
651 2860 674 2907 V
698 2875 735 2908 vs.
764 2861 867 2909 1-332.
893 2887 924 2896 —
951 2860 987 2909 M.
1013 2860 1116 2929 Terent.
1142 2857 1235 2906 Varro:
1266 2860 1407 2906 Armorum

316 2950 443 2999 iudicium
468 2954 496 2999 et
514 2950 674 3014 Pomponius
691 2949 825 2997 Secundus
841 2949 876 2996 id.
894 2948 943 3011 (cf.
961 2948 1035 2997 Riese
1052 2963 1077 3012 p.
1097 2948 1158 3007 104)
1177 2947 1300 2994 Ovidius:
1326 2946 1406 3002 Meta,
1502 2976 1504 2979 -

318 3040 465 3104 morphoses
481 3040 552 3088 XllI
570 3055 607 3089 vs.
627 3041 730 3088 1-384.
748 3039 847 3101 (Multa
864 3038 956 3087 sumsit
972 3054 988 3087 a
1006 3039 1042 3087 M.
1061 3039 1152 3086 Porcio
1170 3037 1298 3098 Latrone,
1316 3037 1361 3099 qui
1376 3040 1406 3085 et

315 3130 372 3192 ipse
390 3129 421 3177 de
439 3130 530 3177 eodem
542 3133 696 3191 argumento
708 3128 869 3191 scripserat.)
882 3128 915 3178 cf.
929 3128 1022 3178 Rosch.
1031 3128 1094 3178 Lerr.
1104 3128 1122 3177 i.
1132 3142 1188 3176 voc.
1201 3128 1263 3175 Aias
1274 3153 1306 3163 -
1325 3127 1405 3189 Odys·

318 3232 383 3267 scus.
402 3222 430 3266 et
453 3219 482 3268 Ο.
499 3218 591 3266 Jahnii
607 3219 751 3267 editionem
769 3219 877 3268 Metam.
898 3218 993 3269 Ovidii.
1018 3245 1051 3253 —
1076 3218 1222 3266 Hermann.
1240 3217 1326 3280 Opueo
1344 3216 1405 3264 VII.

317 3322 342 3371 p.
361 3309 408 3356 362
426 3323 463 3370 sq.

350 3395 373 3459 ἵ)
407 3398 442 3446 cf.
462 3399 547 3448 Schol.
564 3400 597 3448 ad
615 3399 694 3449 Arist.
714 3399 802 3462 Equit.
820 3400 890 3448 1065.

348 3485 373 3548 ³)
407 3487 481 3536 Nem.
499 3488 575 3543 VIII.
592 3491 631 3539 45.

348 3579 371 3640 ⁴)
407 3578 438 3626 ln
456 3580 542 3627 Aiace.

349 3665 373 3728 ⁶)
408 3668 567 3730 Aeschylum
592 3682 636 3716 eas
660 3668 760 3717 iudices
785 3682 840 3717 esse
859 3667 971 3737 voluisse
990 3669 1101 3730 apparet
1126 3681 1140 3714 e
1165 3667 1246 3716 schol.
1263 3666 1297 3714 ad
1314 3665 1399 3713 Arist.

317 3757 429 3806 Acharn.
448 3759 507 3817 848,
526 3760 582 3806 882.
600 3757 688 3806 Herm.
706 3758 799 3820 Opuso.
818 3757 871 3805 VII
887 3772 912 3821 p.
930 3758 986 3812 363.

348 3845 371 3908 6)
406 3847 440 3895 ci.
458 3861 524 3908 quae
541 3846 622 3894 attuli
639 3851 732 3894 contra
750 3846 906 3895 Muellerum
923 3847 952 3893 in
970 3845 1055 3909 primo
1072 3845 1166 3909 eapite.

348 3934 373 3998 ⁷)
407 3936 440 3985 cf.
465 3937 575 3998 Gorgiae
599 3936 776 3997 Palamedem,
802 3936 931 3984 Helenam
953 3963 984 3971 -
1004 3935 1197 3984 Alcidamantis
1223 3934 1329 3984 Ulixem
1350 3938 1402 3982 cet.

317 4027 440 4075 Isocratis
466 4031 581 4089 tempore
612 4027 761 4089 Polycrates
782 4027 887 4074 laudem
904 4026 931 4073 in
949 4025 1094 4074 Busiridem
1115 4024 1232 4087 scripsit;
1253 4050 1283 4058 -
1301 4023 1402 4086 copiose

316 4116 437 4179 disputat
475 4117 507 4165 de
537 4116 606 4164 fictis
636 4115 765 4164 eiusmodi
794 4115 966 4163 oratiunculis
995 4114 1068 4161 Blass
1098 4113 1126 4160 in
1162 4111 1244 4175 praef.
1274 4111 1308 4158 ad
1338 4113 1401 4160 Ant.

315 4219 340 4266 p.
358 4206 416 4254 XV.
434 4220 471 4268 sq.
489 4207 528 4255 ed.
547 4206 568 4256 Ι.

350 4294 420 4343 Keil:
438 4295 549 4343 Hermes
566 4296 635 4342 XIX
653 4310 677 4358 p.
695 4295 743 4342 649
760 4310 793 4342 ex
809 4294 888 4344 Arist.
906 4293 984 4341 Rhet.
1000 4293 1051 4340 ΙΙΙ.
1073 4293 1102 4339 ll
1115 4290 1249 4339 concludit
1259 4289 1401 4337 Alexandri

316 4378 461 4435 orationem
478 4387 569 4435 eadem
585 4387 688 4434 ratione
704 4386 874 4447 compositam
890 4384 971 4431 fuisse
988 4397 1018 4431 ac
1036 4382 1112 4444 Gorg.
1131 4381 1227 4430 Palam.
