3458 5182
839 370 876 436 31

317 556 386 614 vim
408 556 565 614 acriorem
586 555 684 614 addat
706 558 885 615 enuntiatis
907 557 988 624 suis;
1010 558 1121 615 minus
1136 558 1226 615 enim
1241 555 1405 616 efficacem

317 678 354 719 ea
381 660 534 720 habitura
552 663 621 720 vim
643 662 785 736 putabat,
808 664 834 719 si
858 664 894 720 in
916 662 1122 737 proferendis
1144 663 1186 722 iis
1207 661 1340 736 vulgato
1361 666 1406 721 at-

317 782 381 844 que
409 766 589 825 cottidiano
616 784 765 826 sermone
787 772 941 826 uteretur.
965 771 1142 854 Γοργιείοις
1156 770 1296 854 σχήμασι
1312 770 1404 844 quasi

317 872 531 946 obsignantur
552 870 669 946 Cynici
692 875 872 932 sententiae
894 877 926 931 et
947 871 1195 931 adhortationes.

458 1032 527 1098 DE
559 1031 787 1100 PRODIOO
821 1032 884 1097 ΕΤ
911 1031 1258 1100 ANTISTHENE.

359 1187 450 1246 Licet
493 1190 578 1247 inter
617 1187 827 1246 Antisthenis
867 1191 1090 1262 praeceptores
1128 1188 1216 1247 haud
1249 1187 1405 1247 ultimum

319 1294 428 1353 locum
448 1295 591 1352 tenuerit
608 1291 775 1365 Prodicus,
792 1292 832 1351 de
847 1293 1042 1368 philosopho
1057 1290 1121 1351 Oco
1137 1295 1306 1368 perpaucis
1322 1294 1406 1352 mihi

319 1399 483 1474 agendum
511 1406 573 1471 est,
596 1400 717 1474 quippe
739 1400 834 1457 cuius
855 1416 951 1474 opera
972 1416 1103 1474 prorsus
1124 1401 1290 1474 perierint.
1313 1399 1407 1459 Certa

319 1508 429 1583 itaque
452 1505 576 1565 indicia
597 1506 748 1563 invenire
774 1505 869 1564 nobis
891 1523 957 1564 non
979 1505 1107 1578 licebit,
1130 1505 1251 1583 quibus
1274 1507 1407 1565 demon·

319 1615 474 1685 suemus,
512 1615 671 1688 quatenus
707 1611 869 1687 quibusve
905 1613 940 1669 in
972 1611 1070 1671 rebus
1093 1611 1223 1671 Prodici
1246 1613 1406 1671 rationem

319 1717 453 1776 dicendi
490 1716 703 1776 Antisthenes
738 1721 868 1776 secutus
900 1719 951 1777 sit.
998 1717 1291 1777 Verumenimvero
1322 1720 1408 1776 inter

320 1811 506 1884 eos'fuisse
528 1823 800 1883 consuetudinem
824 1822 1009 1898 Xenophon
1031 1828 1148 1883 narrat.
1181 1822 1295 1883 Jocose
1317 1826 1408 1882 enim

321 1927 466 1989 Socrates
482 1928 597 2006 (Conv.
611 1928 667 1988 IV.
680 1925 733 2004 62)
746 1927 980 1988 Antisthenem
995 1928 1163 2002 lenocinii,
1174 1933 1409 2016 προαγωγείας,

298 2042 303 2049 ’
321 2039 457 2109 incusat,
480 2036 568 2113 quod
581 2035 756 2094 Prodicum
769 2045 801 2093 et
813 2034 971 2110 Hippiam
984 2034 1106 2095 Calliae
1118 2035 1407 2097 commendaverit.

321 2142 451 2200 Nomen
484 2141 630 2214 Prodici,
663 2158 727 2217 quo
760 2157 857 2198 nemo
878 2140 1061 2227 σοφώτερος
1084 2139 1223 2200 Socratis
1245 2143 1407 2216 magister,

322 2248 472 2305 omnium
505 2248 540 2305 in
573 2263 625 2304 ore
657 2251 689 2305 et
720 2246 809 2305 fama
840 2251 916 2305 erat.
960 2246 1064 2317 Quam
1095 2247 1233 2321 gloriam
1266 2250 1408 2306 maxime

322 2353 458 2428 adeptus
488 2357 536 2411 est
568 2352 827 2426 agrammaticis
848 2352 976 2411 studiis.
1017 2351 1204 2412 Orationem
1246 2354 1410 2428 eleganter

219 2468 222 2473 ’
323 2459 458 2536 quidem
491 2458 634 2530 limavit,
672 2458 769 2517 verba
806 2476 881 2517 cum
919 2476 996 2518 cura
1034 2459 1210 2534 disposuit,
1243 2459 1299 2519 sed
1332 2458 1409 2520 Gor-

322 2565 452 2636 gianam
477 2563 505 2642 2)
541 2565 701 2623 sermonis
736 2564 973 2624 abundantiam
1011 2565 1176 2624 moderate
1220 2565 1410 2626 adhibuisse

286 2669 289 2674 '
323 2671 466 2730 videtur:
511 2670 681 2746 Imprimis
716 2673 752 2730 in
784 2671 970 2732 detinendis
1001 2672 1175 2731 verborum
1197 2672 1410 2748 potestatibus

323 2781 534 2854 accurateque
570 2782 766 2852 synonymis
800 2778 826 2855 ¹)
864 2778 1108 2852 distinguendis
1143 2779 1329 2838 elaboravit.
1364 2779 1410 2836 sic

323 2883 415 2941 verbi
451 2899 545 2941 causa
581 2878 701 2958 ἡδονὴν
738 2900 849 2941 vocem
883 2883 993 2958 plures
1025 2886 1061 2941 in
1093 2886 1243 2943 notiones
1275 2883 1410 2941 dividit:

324 2989 440 3075 χαρὰν,
461 2990 578 3075 τέρψιν,
602 2989 803 3074 εὐφροσύνην
826 2993 885 3048 cet.
904 2988 1023 3066 (Arist.
1047 2989 1125 3064 Top.
1149 2988 1183 3048 ΙΙ
1207 2988 1254 3068 6),
1276 2988 1317 3046 de
1332 3006 1411 3047 voce

324 3090 427 3168 δεινὸς
437 3093 567 3153 disserit
580 3093 680 3170 (Prot.
693 3089 752 3153 205
766 3092 807 3152 Η.
824 3110 854 3168 p.
870 3091 928 3153 212
941 3094 1003 3170 sq.)
1015 3127 1055 3136 —
1067 3093 1227 3170 Exempla
1237 3094 1411 3153 Prodiceae

324 3196 538 3283 καλλιλογίας
559 3198 646 3273 apud
669 3198 840 3257 Platonem
855 3199 1037 3273 pullulant,
1054 3198 1155 3276 (Prot.
1168 3196 1226 3260 205
1240 3199 1290 3272 Ε.,
1303 3198 1361 3260 212
1373 3197 1410 3258 G.

323 3302 453 3364 Charin.
475 3284 609 3380 2326.)
632 3304 689 3364 sed
710 3304 947 3363 attendendum
970 3309 1017 3365 est
1039 3304 1215 3364 Prodicum
1237 3324 1255 3364 a
1277 3305 1412 3364 Platone

323 3412 451 3486 saepius
471 3409 617 3469 ludibrio
633 3409 761 3483 haberi,
773 3411 801 3488 ³)
818 3427 922 3486 quum
935 3410 1079 3485 sophista
1091 3413 1121 3469 ei
1133 3411 1301 3470 videretur
1313 3412 1412 3471 inter-

323 3515 403 3574 dum
432 3517 467 3574 in
495 3517 670 3577 ridiculam
703 3519 919 3578 subtilitatem
943 3520 1121 3589 incidisse;
1143 3524 1313 3579 nectamen
1335 3519 1412 3578 licet

324 3623 401 3682 inde
434 3624 628 3683 concludere
661 3624 792 3684 Prodici
823 3626 1035 3698 grammatica
1067 3626 1277 3699 potissimum
1304 3624 1413 3684 studia

328 3775 567 3786 ————

357 3854 379 3920 ¹)
414 3858 470 3921 περὶ
489 3855 623 3921 ὀνομάτων
640 3853 780 3918 ὀρθότητος
792 3852 826 3901 cf.
843 3851 909 3898 Plat.
927 3849 1056 3912 Euthyd,
1071 3865 1095 3915 p.
1110 3853 1157 3899 277
1170 3851 1212 3911 n,
1226 3852 1272 3899 187
1291 3849 1321 3899 Ε.
1340 3849 1412 3899 Crat.

324 3962 348 4010 p.
366 3948 413 3996 384
433 3947 462 3995 B.
491 3946 587 4007 Itaque
603 3942 743 4004 distinguit
760 3943 831 3990 inter
842 3939 943 3998 κοινούς
955 3944 983 3988 ct
995 3939 1076 4001 ἴσους,
1095 3939 1265 4005 ἀμφισβητεῖν
1275 3943 1302 3989 et
1314 3941 1411 4004 ἐρίζειν,

325 4036 463 4102 εὐδοκιμεῖν
480 4041 509 4084 et
527 4035 695 4085 ἐπαινεῖσθαι.

356 4123 380 4188 ²)
415 4126 509 4185 Blass,
528 4139 552 4186 p.
565 4125 594 4172 31
608 4126 647 4171 nt.
658 4126 672 4170 2
686 4123 742 4171 iure
757 4120 894 4171 contendit
906 4120 1022 4182 aliquam
1032 4125 1103 4169 certe
1113 4121 1291 4170 imitationem
1302 4120 1412 4181 Gorgiae

324 4215 481 4278 deprehendi
499 4215 526 4261 in
545 4214 613 4261 Xon.
632 4213 710 4261 Mem.
729 4212 764 4271 Il,
784 4210 920 4272 1‚33‚34.

356 4302 380 4366 ³)
416 4305 459 4352 Ita
477 4303 635 4366 perstrinxit
653 4302 774 4364 ineptum
795 4299 849 4348 cius
869 4299 986 4346 studium
1006 4299 1081 4347 Plato
1100 4298 1202 4359 Protag.
1223 4300 1270 4346 358
1290 4299 1321 4347 A.
1341 4298 1413 4348 D.-

326 4395 423 4444 Menon
440 4409 465 4457 p.
484 4396 514 4442 lt
533 4420 563 4428 -
582 4392 685 4441 Oliarm.
703 4405 727 4454 p.
747 4392 801 4440 163.
