3458 5182
849 388 887 452 27

587 554 690 658 diluo—v
706 568 750 637 δεῖ
764 553 907 667 avij-gy
930 567 950 645 ἦ
971 551 1135 655 διαπῦρῶ
1154 549 1291 655 ἐχθρῶν
1315 569 1412 651 οἱμὲν

587 679 651 766 γὰρ
674 681 901 753 νουθετοῦντες
926 679 1001 752 τοὺς
1032 675 1287 761 ἁμαρτάνοντας,
1322 677 1351 739 οἱ
1380 671 1411 740 δὲ

585 766 812 872 λοιδοροῐονῖς
833 783 1055 871 ἀποτρέπουσι.

324 908 354 964 p.
378 887 426 949 65.
442 890 482 950 fr.
497 887 563 950 122.
587 889 672 949 Plut
695 892 752 950 vit.
775 889 890 950 Pericl.
907 890 933 948 1.
951 888 992 946 de
1010 886 1154 946 Ismenia
1168 887 1260 946 tibiis
1275 886 1412 962 pulchre

585 999 722 1056 canente
748 994 850 1054 dixit:
872 973 1044 1082 ἀνθρωπ-ος
1055 975 1234 1081 μοχδηράξ·
1247 993 1360 1080 οὐγὰρ
1373 991 1412 1056 ἀν

587 1101 669 1167 οὕτω
693 1082 868 1176 cuondam-c
889 1105 928 1177 ἦν
950 1100 1101 1177 αὐλητής·

361 1311 399 1370 V.
444 1310 580 1372 Possum
610 1331 651 1372 ex
680 1313 740 1372 hac
760 1314 886 1372 ratione
908 1313 1067 1388 plurimas
1088 1312 1211 1372 formas
1232 1312 1412 1372 rhetoricae

321 1420 478 1478 orationis
507 1419 638 1493 afferre,
665 1420 721 1480 sed
744 1419 821 1478 nolo
843 1436 911 1479 esse
933 1420 1050 1494 longus
1072 1421 1107 1478 in
1128 1436 1163 1478 re
1183 1422 1231 1477 tot
1253 1417 1412 1492 exemplis

321 1529 507 1584 contestata.
524 1525 631 1598 Igitur
641 1524 784 1602 reliquas
796 1524 915 1599 figuras
928 1524 951 1601 ¹)
965 1527 1127 1592 omittam;
1138 1541 1214 1582 narn
1227 1523 1307 1600 quid
1320 1522 1411 1580 verbi

321 1648 415 1691 causa
446 1630 561 1708 loquar
592 1631 633 1690 de
655 1632 838 1691 notissimis
860 1627 1056 1705 ἀσυνδέτοις,
1079 1629 1200 1707 quibus
1221 1629 1272 1688 usi
1294 1627 1411 1703 Cynici

320 1753 434 1796 omnes
456 1738 640 1795 maximum
662 1736 791 1812 pondus
813 1737 922 1796 verbis
937 1736 1160 1795 attribuebant
1175 1736 1235 1806 ita,
1251 1739 1288 1792 ut
1299 1733 1412 1792 acerba

320 1846 352 1899 et
378 1843 508 1900 concisa
529 1840 760 1926 ἀποφθέγματα
781 1841 970 1901 auditorum
992 1842 1112 1900 animis
1135 1840 1203 1898 fere
1226 1838 1411 1897 inculcent?

320 1945 488 2006 Postremo
510 1947 580 2006 loco
602 1946 642 2005 ad
658 1947 838 2020 singularia
852 1946 1012 2024 quaedam
1034 1945 1102 2005 stili
1117 1945 1284 2004 attendere
1298 1943 1411 2016 velim,

320 2069 403 2129 quae
435 2054 559 2111 constat
592 2054 657 2110 iarn
690 2049 844 2126 Gorgiam
867 2069 997 2128 quoque
1018 2050 1208 2110 adhibuisse
1231 2048 1288 2127 (cf.
1312 2049 1411 2109 Blass.

321 2158 336 2216 Ι
360 2157 425 2234 11),
448 2156 489 2215 ad
512 2159 681 2231 ingentem
702 2157 828 2216 scilicet
850 2157 1106 2232 compositorum
1127 2173 1304 2214 numerum
1322 2154 1367 2233 (V.
1385 2173 1411 2214 c.

321 2262 415 2335 Diog.
455 2261 564 2335 Laert,
604 2262 649 2321 VI
690 2260 748 2323 105
764 2262 791 2337 ⁹)
814 2265 1033 2322 inveniuntur
1055 2265 1091 2321 in
1113 2262 1228 2321 eadem
1250 2262 1412 2321 sententia

319 2365 552 2454 ἀναπόβλητον
572 2403 614 2413 -
629 2365 870 2456 ἀξιέραστος-
885 2368 1132 2455 ἀναμάρτητος),
1147 2368 1188 2427 ad
1202 2367 1410 2444 frequentem

319 2491 416 2533 usum
438 2473 692 2561 adjectivorum,
715 2481 885 2553 ceteraque
907 2474 1079 2535 eiusmodi.

361 2579 424 2640 Sed
446 2580 525 2640 haec
546 2581 712 2642 hactenus.
749 2581 847 2641 Nunc
869 2583 980 2641 statim
1002 2597 1130 2656 possem
1152 2580 1314 2640 subiicere
1336 2597 1411 2638 con-

319 2693 466 2763 spectum
500 2705 564 2764 quo
595 2693 754 2764 appareat,
788 2705 887 2765 quam
918 2687 1109 2764 frequenter
1137 2685 1260 2761 figurae
1279 2686 1411 2745 eaedem

319 2798 488 2854 occurrant
520 2797 556 2853 in
588 2795 883 2855 declamationibus
916 2794 1042 2853 duabus
1068 2793 1150 2865 illis,
1184 2793 1240 2852 sed
1263 2797 1349 2852 certa
1371 2793 1411 2851 de

319 2918 415 2960 causa
436 2900 521 2960 hanc
542 2900 810 2978 disquisitionem
834 2900 997 2980 differam.
1036 2897 1167 2958 Etenim
1191 2899 1410 2974 conjunctim,

319 3007 426 3084 quoad
448 3024 590 3082 possum,
613 3012 749 3066 tractare
772 3007 856 3066 mihi
880 3009 915 3066 iu
936 3009 1047 3065 animo
1065 3009 1113 3064 est
1127 3007 1253 3077 omnia,
1271 3021 1353 3081 quae
1369 3004 1410 3063 de

318 3111 418 3171 Aiace
441 3117 473 3171 et
493 3111 593 3172 Ulixe
617 3112 755 3172 dicenda
778 3118 863 3172 sunt.
893 3112 967 3171 Jam
991 3128 1080 3170 nuno
1096 3111 1260 3187 equidem,
1283 3109 1411 3186 siquid

318 3235 358 3276 ex
387 3217 457 3278 illis
480 3221 684 3292 argumentis
706 3236 911 3296 praesumere
939 3220 1030 3290 licet,
1057 3221 1092 3277 in
1117 3218 1411 3278 declamationibus

317 3325 364 3382 eis
403 3323 518 3383 stilum
555 3341 757 3402 manumque
797 3324 1008 3384 Antisthenis
1048 3327 1193 3384 inveniri
1234 3324 1409 3383 contendo:

317 3446 480 3507 nusquam
502 3432 539 3489 in
560 3430 754 3504 fragmentis
777 3429 1015 3490 evidentiorem
1037 3428 1217 3504 Gorgianae
1236 3430 1410 3489 facundiae

316 3535 536 3593 imitationem
568 3534 862 3610 deprehendimus,
893 3552 1055 3611 nusquam
1079 3535 1313 3595 Antistheneae
1336 3536 1409 3595 doc-

316 3642 421 3699 trinae
444 3641 581 3714 vestigia
603 3639 828 3699 manifestiora
849 3641 1077 3700 inveniuntur.

359 3851 393 3912 Si
425 3856 536 3911 autem
569 3868 734 3926 rogamus,
767 3869 831 3928 qua
863 3868 958 3911 causa
990 3856 1113 3924 motus,
1140 3870 1245 3929 quove
1270 3852 1410 3912 consilio

316 3956 531 4017 Antisthenes
563 3973 634 4014 eam
668 3957 840 4032 praecipue
871 3961 974 4015 artem
1008 3961 1147 4017 sectatus
1179 3960 1238 4031 sit,
1264 3975 1347 4035 quae
1368 3959 1408 4017 ab

317 4065 420 4139 ipsius
433 4063 650 4140 philosophia,
663 4065 909 4142 simplicissima
921 4085 1068 4143 quaeque
1080 4072 1112 4127 et
1122 4071 1255 4127 naturae
1265 4069 1409 4126 maxima
1484 4148 1487 4155 ἱ

347 4327 371 4392 ¹)
389 4330 423 4380 cf.
442 4331 534 4380 Weber
551 4345 576 4394 p.
594 4310 641 4380 2119
660 4346 696 4393 sq.

351 4417 374 4482 ²)
394 4419 436 4468 Sic
453 4419 491 4467 ait
508 4419 679 4468 Antisthenes
696 4421 724 4469 in
744 4421 867 4469 Hercula.
